1696 2730
431 126 814 166 PARTITIONES
852 126 1189 167 ORATORIAE
1418 125 1474 175 36
1494 141 1555 174 1²3

144 237 370 290 ceptionem
397 237 625 277 incohatam
654 237 858 277 habebunt
888 236 930 276 in
962 235 1104 276 animis
1137 236 1173 276 ei
1202 236 1270 288 qui
1297 237 1475 286 audient,

145 303 268 354 magis
300 311 339 342 et
370 302 530 354 propius
562 302 784 350 accesserit,
813 302 846 341 is
879 301 1009 340 vincat
1040 315 1202 341 necesse
1240 310 1309 341 est.
1379 304 1474 342 Non

144 368 251 408 enim
269 369 583 419 argumentando
603 375 788 407 tractatur
806 368 884 406 hoc
902 380 1038 418 genus,
1052 368 1123 406 sed
1139 375 1342 418 tamquam
1358 368 1475 418 expli·
1495 383 1559 416 124

144 434 275 473 cando
300 433 617 484 excutiendoque
639 433 774 481 verbo,
794 439 848 480 ut,
873 432 905 471 si
931 432 972 470 in
1000 446 1068 471 reo
1096 433 1266 483 pecunia
1290 433 1475 472 absoluto

105 516 125 550 5
144 511 354 549 rursusque
376 506 560 537 revocato
579 497 953 549 praevaricationem
979 506 1184 537 accusator
1206 511 1293 537 esse
1312 498 1476 537 definiat

145 576 306 603 omnem
339 563 461 602 iudici
497 564 758 614 corruptelam
796 563 847 601 ab
881 576 959 610 reo,
993 564 1177 602 defensor
1222 571 1355 602 autem
1393 576 1475 602 non

144 641 317 675 omnem,
339 629 410 667 sed
435 635 589 666 tantum
616 629 739 667 modo
766 627 1005 666 accusatoris
1035 629 1297 678 corruptelam
1324 629 1375 667 ab
1395 641 1476 676 reo,

145 692 194 732 sit
219 707 312 744 ergo
336 695 435 732 haec
463 693 667 732 contentio
692 693 864 744 primum
883 693 1105 741 verborum,
1126 692 1165 731 in
1187 706 1278 743 quo,
1301 693 1420 731 etiam
1444 693 1477 731 si

143 758 305 809 propius
343 759 507 797 accedat
538 759 589 798 ad
622 757 953 798 consuetudinem
991 765 1246 809 mentemque
1284 757 1476 797 sermonis

89 841 128 864 ιο
145 823 363 863 defensoris
382 823 573 871 definitio,
594 831 727 863 tamen
750 830 955 862 accusator
978 822 1174 862 sententia
1192 822 1288 874 legis
1308 822 1453 862 nitetur
1465 837 1477 871 3

145 896 262 938 negat
290 888 397 927 enim
426 887 582 939 probari
611 895 792 938 oportere
830 900 899 926 eos
925 887 992 938 qui
1021 888 1127 938 leges
1160 887 1397 938 scripserint,
1425 901 1476 926 ne
1497 897 1558 930 125

145 960 272 991 ratum
296 953 506 991 haberetur
524 952 728 1000 iudicium,
750 952 782 991 si
802 959 929 991 totum
949 960 1177 1002 corruptum
1199 950 1299 1006 [sit],
1322 951 1353 991 si
1374 965 1476 990 unus

145 1025 351 1057 accusator
383 1024 588 1067 corruptus
622 1017 685 1066 sit,
714 1030 796 1056 non
829 1016 1052 1056 rescindere
1066 1031 1076 1065 3
1113 1016 1249 1055 nititur
1278 1016 1477 1067 aequitate

146 1082 313 1122 utilitate
328 1082 441 1133 quasi
460 1082 670 1122 scribenda
688 1084 750 1121 lex
769 1082 831 1130 sit,
844 1095 1026 1133 quaeque
1046 1089 1130 1120 tum
1150 1084 1478 1133 complecteretur

90 1165 126 1199 15
146 1147 187 1186 in
206 1147 360 1187 iudiciis
389 1147 591 1198 corruptis,
613 1161 661 1186 ea
682 1147 804 1186 verbo
831 1160 913 1186 uno
935 1146 1278 1197 praevaricationis
1302 1160 1478 1197 compre-

146 1212 333 1252 hendisse
370 1212 466 1251 dicit
483 1227 492 1261 3
538 1213 722 1251 defensor
760 1219 893 1251 autem
937 1219 1101 1251 testatur
1142 1212 1474 1252 consuetudinem
1494 1214 1560 1248 126

146 1277 338 1317 sermonis
363 1277 552 1329 verbique
579 1277 658 1316 vim
685 1291 732 1317 ex
757 1277 953 1317 contrario
978 1276 1118 1328 repetit
1144 1277 1256 1328 quasi
1284 1291 1476 1317 converso

144 1351 384 1391 accusatore,
409 1342 473 1382 cui
501 1343 739 1382 contrarium
765 1350 824 1382 est
847 1356 995 1382 nomen
1018 1342 1350 1393 praevaricatoris,
1368 1350 1407 1382 et
1430 1355 1478 1382 ex

147 1408 493 1460 consequentibus,
525 1409 634 1459 quod
665 1422 712 1447 ea
741 1408 869 1447 littera
898 1409 949 1447 de
980 1415 1209 1447 accusatore
1239 1409 1363 1447 soleat
1393 1407 1478 1447 dari

89 1486 131 1509 20
147 1473 281 1522 iudici,
301 1481 340 1512 et
366 1487 414 1513 ex
441 1473 604 1513 nomine
630 1472 727 1524 ipso,
750 1474 860 1524 quod
885 1473 1078 1524 significat
1103 1486 1195 1512 eum
1225 1473 1293 1524 qui
1318 1472 1359 1511 in
1386 1486 1478 1512 con-

147 1538 272 1578 trariis
301 1537 429 1577 causis
459 1537 572 1588 quasi
603 1551 694 1576 vare
723 1538 876 1588 positus
908 1551 994 1577 esse
1023 1537 1211 1576 videatur.
1275 1538 1355 1576 Sed
1385 1537 1478 1576 huic

147 1610 281 1642 tamen
304 1602 379 1653 ipsi
402 1601 712 1652 confugiendum
738 1610 797 1640 est
820 1602 872 1640 ad
897 1601 1104 1652 aequitatis
1128 1603 1249 1648 locos,
1270 1602 1322 1640 ad
1347 1615 1477 1641 rerum

146 1667 406 1707 iudicatarum
431 1666 717 1714 auctoritatem,
738 1667 789 1705 ad
815 1667 935 1706 finem
961 1666 1134 1717 aliquem
1158 1666 1320 1717 periculi
1334 1681 1345 1715 3
1372 1680 1479 1706 com-

148 1746 348 1783 muneque
386 1732 435 1771 sit
468 1733 546 1772 hoc
577 1739 843 1783 praeceptum,
876 1739 919 1770 ut
951 1745 1043 1770 eum
1080 1739 1246 1782 uterque
1282 1730 1479 1770 definierit

90 1815 129 1847 ²5
148 1812 268 1850 quam
289 1798 458 1838 maxime
473 1798 644 1849 potuerit
663 1799 714 1837 ad
729 1811 984 1837 communem
1005 1810 1165 1836 sensum
1180 1797 1340 1848 vimque
1354 1798 1479 1847 verbi,

148 1872 232 1904 tum
262 1863 455 1903 similibus
480 1863 749 1914 exemplisque
777 1876 914 1902 eorum
943 1861 1011 1913 qui
1034 1861 1087 1900 ita
1115 1861 1236 1901 locuti
1259 1861 1337 1900 sint
1364 1875 1478 1901 suam

191 1978 211 2009 5
235 1968 542 2009 praevaricatorem
559 1967 593 1998 P
676 1969 698 1999 6
720 1966 904 2007 perfectam
923 1966 964 1998 ab
981 1977 1041 1998 reo
1063 1966 1095 1997 P
1108 1978 1115 1998 :
1141 1966 1324 2006 profectam
1341 1966 1382 1998 ab
1399 1977 1440 1998 eo
1452 1972 1477 2008 p

148 2014 169 2045 8
192 2013 335 2053 primum
351 2012 402 2043 P:
426 2013 535 2052 prima
551 2010 639 2042 codd.
652 2011 726 2043 dett.
842 2021 909 2051 qua
923 2010 1011 2042 codd.
1028 2009 1101 2042 dett.
1255 2020 1277 2050 9
1300 2011 1431 2042 accedit
1447 2011 1482 2041 P

152 2066 192 2088 10
214 2057 344 2088 nitetur
365 2055 417 2087 P:
444 2059 558 2086 utetur
580 2055 631 2086 vel
651 2055 769 2086 nititur
795 2054 884 2086 codd.
902 2054 976 2085 dett.
1150 2062 1190 2084 12
1213 2058 1321 2085 ratum
1350 2054 1478 2085 habere

148 2099 236 2131 codd.
253 2099 328 2130 dett.
493 2099 538 2130 sit
555 2097 614 2130 del.
633 2097 766 2139 Sauppe
946 2096 1115 2137 iudicium,
1135 2098 1163 2128 si
1186 2107 1274 2128 unus
1297 2102 1479 2129 accusator

149 2149 332 2184 corruptus
353 2142 407 2182 sit,
427 2142 455 2173 si
472 2146 580 2173 totum
601 2146 795 2182 corruptum
817 2141 873 2181 sit,
892 2151 959 2172 non
976 2140 1124 2172 voluisse
1144 2140 1340 2172 rescindere
1357 2141 1480 2172 maluit

147 2186 252 2218 Reid:
282 2187 309 2218 si
338 2190 444 2217 totum
472 2190 665 2225 corruptum
693 2186 736 2216 sit
762 2195 830 2216 non
857 2185 1065 2224 rescindere,
1103 2183 1298 2215 rescindere
1328 2184 1357 2215 si
1387 2194 1478 2216 unus

147 2235 326 2262 accusator
350 2234 532 2270 corruptus
559 2229 603 2260 sit
628 2228 819 2260 Summers.
875 2227 983 2259 Locus
1002 2227 1120 2268 procul
1143 2226 1241 2258 dubio
1266 2228 1479 2258 conturbatus

151 2283 191 2314 13
210 2284 278 2305 non
294 2278 474 2314 corruptus
489 2272 632 2312 Kayser:
658 2283 728 2303 non
744 2283 811 2304 om.
829 2271 917 2312 vulg.
971 2272 1088 2302 nititur
1102 2271 1204 2311 igitur
1215 2270 1341 2302 Piderit
1437 2280 1477 2310 14

148 2318 244 2358 quasi
258 2317 376 2349 codd.:
398 2327 418 2348 e
441 2327 507 2356 qua
523 2316 673 2356 Kayser:
696 2315 835 2355 aequasi
852 2314 886 2345 P
952 2314 1133 2355 quaqueP
1187 2320 1258 2346 tum
1285 2313 1340 2346 P:
1363 2318 1476 2346 tamen

148 2360 236 2392 codd.
263 2361 335 2392 dett.
421 2369 460 2399 15
484 2359 517 2390 in
542 2359 676 2391 iudiciis
686 2359 799 2391 codd.:
824 2358 955 2390 iudiciis
967 2357 1105 2399 Sauppe
1187 2367 1226 2398 17
1243 2367 1409 2390 converso
1422 2357 1456 2389 P
1468 2368 1478 2391 ι

149 2414 192 2436 ex
207 2415 288 2436 vero
303 2404 393 2446 vulg.
482 2413 519 2435 21
547 2413 627 2435 vare
641 2403 784 2435 Gesner:
804 2402 896 2434 varie
912 2401 1004 2434 codd.
