1696 2730
0 0 41 209 ἶ
680 152 899 191 BRVTVS
1406 161 1460 201 97
1481 165 1542 199 331

130 264 210 304 Sed
234 263 276 303 in
298 271 337 303 te
359 263 528 312 intuens,
550 265 683 312 Brute,
704 265 835 313 doleo,
856 263 968 303 cuius
996 263 1038 302 in
1060 262 1372 303 adulescentiam
1391 276 1461 313 per
1479 247 1533 287 97

130 329 281 368 medias
300 330 437 368 laudes
456 328 570 380 quasi
594 328 793 380 quadrigis
815 331 1027 368 vehentem
1053 336 1272 368 transversa
1299 327 1461 366 incurrit
1480 308 1540 339 ³3¹

130 393 272 433 misera
307 395 465 433 fortuna
494 394 550 434 rei
581 393 776 445 publicae.
835 394 917 433 Hie
951 408 1015 433 me
1048 395 1163 433 dolor
1191 392 1327 444 tangit,
1362 394 1462 432 haec

130 472 224 498 cura
242 459 425 498 sollicitat
444 467 483 498 et
502 460 610 499 hunc
635 473 794 498 mecum
822 459 975 504 socium
1001 459 1181 498 eiusdem
1201 466 1240 498 et
1258 457 1403 498 amoris
1422 465 1462 497 et

94 539 112 572 5
130 523 262 563 iudici.
321 524 414 563 Tibi
450 526 637 572 favemus,
678 531 716 564 te
758 532 826 563 tua
865 524 940 563 frui
976 524 1119 563 virtute
1156 523 1349 575 cupimus,
1390 522 1463 562 tibi

131 597 315 640 optamus
341 603 428 629 eam
451 603 534 629 rem
562 589 763 641 publicam
797 589 838 628 in
861 603 940 640 qua
968 590 1139 628 duorum
1168 602 1357 639 generum
1383 601 1463 626 am-

131 654 397 706 plissimorum
447 668 636 694 renovare
686 654 919 694 memoriam
965 662 1085 705 atque
1131 667 1275 704 augere
1320 652 1460 704 possis.

133 722 267 759 Tuum
300 719 406 759 enim
443 721 583 769 forum,
614 727 726 759 tuum
760 727 842 759 erat
879 719 978 759 illud
1008 719 1260 768 curriculum,
1291 726 1334 757 tu
1371 719 1464 757 illuc

133 799 296 825 veneras
315 799 428 833 unus,
451 785 520 836 qui
538 799 621 825 non
639 785 814 836 linguam
838 786 961 825 modo
990 784 1162 824 acuisses
1186 783 1465 824 exercitatione

78 867 117 890 10
134 850 295 891 dicendi
321 852 392 890 sed
411 858 450 890 et
471 851 598 902 ipsam
618 851 886 902 eloquentiam
905 849 1226 901 locupletavisses
1244 849 1466 900 graviorum

134 916 276 955 artium
304 916 567 956 instrumento
599 924 639 956 et
668 916 795 956 isdem
828 916 976 955 artibus
1010 917 1133 955 decus
1166 929 1286 955 omne
1315 914 1466 954 virtutis

135 995 226 1021 cum
246 995 402 1020 summa
421 981 671 1032 eloquentiae
690 983 808 1021 laude
827 981 1029 1020 iunxisses.
1090 983 1150 1020 Ex
1169 988 1207 1020 te
1227 982 1374 1031 duplex
1392 993 1466 1019 nos
1487 994 1549 1026 332

134 1046 254 1086 afficit
272 1046 508 1094 sollicitudo,
530 1048 640 1097 quod
669 1054 708 1086 et
736 1046 820 1098 ipse
847 1060 888 1086 re
916 1046 1076 1097 publica
1104 1059 1236 1085 careas
1262 1052 1301 1084 et
1326 1044 1392 1084 illa
1415 1052 1464 1084 te.

135 1114 200 1151 Tu
219 1119 364 1160 tamen,
387 1111 460 1150 etsi
478 1125 637 1151 cursum
656 1111 789 1162 ingeni
808 1111 876 1159 tui,
900 1113 1030 1159 Brute,
1047 1110 1189 1162 premit
1207 1112 1307 1149 haec
1326 1110 1469 1160 impor-

79 1191 118 1223 ¹5
137 1185 234 1217 tuna
252 1178 385 1216 clades
404 1176 582 1224 civitatis,
604 1177 765 1216 contine
788 1184 827 1216 te
850 1176 891 1215 in
914 1176 990 1215 tuis
1010 1175 1250 1227 perennibus
1271 1175 1410 1214 studiis
1430 1182 1470 1214 et

137 1244 248 1283 effice
266 1242 307 1282 id
328 1243 437 1293 quod
462 1241 541 1280 iam
563 1255 687 1293 prope
713 1243 879 1281 modum
899 1243 960 1280 vel
983 1243 1101 1292 plane
1120 1240 1252 1292 potius
1271 1241 1466 1287 effeceras,

137 1316 181 1347 ut
208 1315 248 1347 te
275 1307 416 1359 eripias
445 1320 493 1346 ex
517 1320 564 1346 ea
592 1321 712 1358 quam
736 1321 810 1358 ego
838 1306 1020 1357 congessi
1045 1305 1086 1344 in
1112 1307 1219 1344 hunc
1245 1317 1469 1344 sermonem

136 1373 252 1413 turba
276 1380 543 1424 patronorum.
600 1373 687 1412 Nec
713 1371 819 1411 enim
845 1373 961 1411 decet
987 1379 1025 1411 te
1052 1378 1235 1410 ornatum
1264 1369 1471 1409 uberrimis

137 1438 296 1487 artibus,
325 1451 423 1489 quas
446 1451 538 1477 cum
562 1439 684 1478 domo
709 1437 864 1477 haurire
892 1450 974 1476 non
1003 1450 1140 1488 posses
1165 1434 1398 1475 arcessivisti
1425 1448 1473 1473 ex

82 1520 123 1543 20
138 1504 235 1543 urbe
261 1517 308 1543 ea
327 1517 429 1554 quae
452 1504 596 1542 domus
622 1511 680 1543 est
706 1516 862 1554 semper
884 1502 1020 1541 habita
1039 1500 1253 1549 doctrinae,
1275 1499 1473 1539 numerari

139 1569 180 1608 in
198 1570 317 1620 vulgo
335 1576 603 1619 patronorum.
661 1570 767 1608 Nam
788 1568 885 1618 quid
905 1575 943 1607 te
967 1566 1140 1607 exercuit
1160 1568 1397 1605 Pammenes
1417 1564 1474 1603 vir

140 1636 257 1685 longe
277 1633 623 1684 eloquentissimus
644 1632 866 1673 Graeciae?
903 1632 1000 1683 quid
1028 1632 1095 1670 illa
1119 1638 1231 1670 vetus
1254 1629 1475 1669 Academia

141 1707 260 1750 atque
286 1698 370 1738 eius
396 1699 509 1738 heres
535 1699 689 1738 Aristus
718 1700 864 1749 hospes
893 1705 931 1736 et
960 1695 1159 1736 familiaris
1188 1708 1312 1744 meus,
1334 1694 1366 1734 si
1392 1694 1476 1745 qui-

142 1766 235 1804 dem
256 1764 402 1803 similes
423 1763 580 1803 maioris
599 1763 719 1815 partis
739 1770 937 1802 oratorum
964 1761 1083 1800 futuri
1103 1763 1271 1800 sumus?
1327 1762 1475 1799 Nonne
1495 1771 1559 1804 333

85 1846 126 1880 ²5
143 1830 340 1869 cernimus
377 1829 440 1868 vix
472 1828 634 1879 singulis
670 1828 865 1868 aetatibus
902 1827 1018 1866 binos
1056 1833 1229 1866 oratores
1266 1825 1476 1865 laudabilis

143 1895 398 1935 constitisse?
454 1895 583 1934 Galba
615 1894 688 1934 fuit
716 1894 817 1933 inter
845 1901 904 1932 tot
931 1891 1106 1943 aequalis
1136 1905 1238 1930 unus
1267 1892 1476 1939 excellens,

143 1961 221 2010 cui,
240 1974 359 2012 quem
380 1960 431 1999 ad
455 1961 622 1999 modum
647 1958 888 2010 accepimus,
907 1965 947 1997 et
967 1959 1069 1998 Cato
1092 1957 1261 1996 cedebat
1287 1955 1418 1995 senior
1437 1963 1477 1995 et

145 2026 213 2078 qui
228 2025 472 2076 temporibus
492 2025 566 2065 illis
585 2032 714 2065 aetate
733 2024 934 2063 inferiores
950 2024 1120 2071 fuerunt,
1135 2021 1310 2073 Lepidus
1326 2028 1475 2072 postea,

146 2091 293 2131 deinde
314 2091 446 2130 Carbo
461 2105 472 2139 ;
508 2104 601 2128 nam
622 2089 792 2129 Gracchi
818 2088 859 2127 in
884 2087 1139 2128 contionibus
1159 2088 1285 2125 multo
1304 2085 1478 2125 faciliore

91 2170 133 2202 30
148 2163 188 2197 et
223 2155 405 2195 liberiore
441 2169 584 2206 genere
621 2154 795 2204 dicendi,
832 2167 1001 2205 quorum
1042 2159 1177 2192 tamen
1212 2151 1389 2203 ipsorum
1425 2151 1478 2190 ad

147 2229 317 2262 aetatem
346 2223 430 2260 laus
457 2220 707 2272 eloquentiae
733 2220 906 2271 perfecta
933 2219 1115 2258 nondum
1145 2217 1244 2266 fuit3
1277 2215 1477 2256 Antonius

189 2347 210 2378 3
233 2337 328 2376 angit
352 2335 520 2368 Corradus
649 2346 681 2376 3,
701 2346 720 2374 4
746 2334 830 2366 haec
847 2343 928 2365 cura
944 2333 978 2364 F
977 2331 1058 2364 OG:
1084 2332 1167 2363 haec
1184 2342 1238 2363 me
1263 2341 1344 2363 cura
1367 2329 1482 2362 BHM

150 2381 188 2411 18
211 2385 433 2421 patronorum
455 2379 524 2411 secl.
540 2378 670 2420 Kayser
813 2387 853 2408 21
878 2377 961 2417 quid
978 2381 1011 2408 te
1031 2375 1097 2407 6²:
1119 2375 1229 2416 quite
1251 2373 1282 2406 L
1436 2375 1479 2405 26

148 2424 322 2456 exstitisse
339 2423 460 2455 maluit
472 2422 594 2454 Rivius
724 2432 767 2463 29
790 2421 1004 2453 contionibus
1021 2419 1072 2452 usi
1089 2424 1168 2451 sunt
1182 2417 1306 2451 Piderit
