1696 2730
447 150 830 191 PARTITIONES
869 150 1207 190 ORATORIAE
1444 157 1496 196 23
1513 154 1553 185 82

160 278 328 316 quorum
357 263 437 303 vita
459 264 683 304 laudabitur
711 263 868 304 silentio
891 263 1090 315 praeteriri
1116 262 1289 310 debebit,
1313 262 1344 300 si
1374 263 1496 301 modo

160 330 257 381 quid
277 329 349 369 erit
367 329 544 369 animum
563 331 850 370 advertendum
866 337 934 368 aut
948 329 988 367 in
1004 328 1091 380 ipso
1110 341 1254 379 genere
1274 326 1410 366 mortis
1429 334 1497 365 aut

159 394 200 434 in
220 394 276 434 eis
296 396 412 434 rebus
432 408 534 446 quae
553 402 644 445 post
663 401 828 434 mortem
850 401 964 433 erunt
982 400 1230 432 consecutae.
1514 432 1567 470 24

214 461 260 500 C.
294 460 445 511 Accepi
475 460 550 500 ista
578 460 781 511 didicique
814 459 982 498 breviter
1010 472 1092 498 non
1130 459 1258 497 solum
1292 470 1411 508 quem
1446 457 1496 495 ad
1515 485 1533 515 8
1539 493 1556 523 3

124 543 142 576 5
160 527 325 565 modum
362 527 565 566 laudarem
602 528 783 574 alterum,
815 526 886 565 sed
923 524 1042 564 etiam
1081 537 1200 575 quem
1238 524 1290 562 ad
1332 524 1496 562 modum

160 591 335 638 eniterer,
372 598 415 629 ut
451 604 609 642 possem
649 590 732 630 iure
769 590 853 640 ipse
891 580 1052 629 laudari.
1128 589 1346 629 Videamus
1384 588 1500 640 igitur

159 655 348 707 deinceps
368 655 409 694 in
429 656 625 696 sententia
643 655 815 695 dicenda
841 669 961 706 quam
987 655 1091 694 viam
1111 662 1150 694 et
1170 668 1272 705 quae
1290 662 1500 706 praecepta

160 729 376 761 teneamus.
436 723 477 760 P.
512 723 584 760 Est
617 721 734 772 igitur
770 721 811 760 in
842 721 1102 760 deliberando
1135 720 1224 759 finis
1258 719 1415 767 utilitas,
1448 720 1498 758 ad

161 799 280 836 quem
309 785 363 824 ita
390 787 610 825 referuntur
638 786 773 826 omnia
800 786 839 825 in
867 785 1034 826 consilio
1060 787 1196 825 dando
1225 784 1500 835 sententiaque

107 867 145 891 10
161 850 342 899 dicenda,
364 858 407 889 ut
435 851 501 890 illa
529 851 655 902 prima
687 852 765 891 sint
794 851 943 891 suasori
972 860 1041 890 aut
1074 850 1287 890 dissuasori
1315 850 1498 896 videnda,

162 916 260 967 quid
285 924 353 955 aut
378 916 502 967 possit
530 917 612 956 fieri
640 925 709 956 aut
737 931 819 957 non
845 916 969 968 possit
997 924 1036 956 et
1063 916 1159 967 quid
1178 923 1247 955 aut
1270 929 1432 955 necesse
1452 914 1500 953 sit

162 989 230 1021 aut
260 995 341 1020 non
373 994 546 1021 necesse.
605 983 710 1021 Nam
744 990 793 1030 et,
827 982 859 1021 si
890 981 986 1033 quid
1017 981 1119 1021 effici
1149 995 1231 1020 non
1261 987 1402 1032 potest,
1437 982 1502 1020 de·

162 1045 342 1086 liberatio
362 1046 520 1095 tollitur,
542 1047 722 1098 quamvis
742 1047 791 1086 sit
811 1047 930 1097 utile;
959 1054 1010 1096 et,
1030 1047 1063 1086 si
1083 1046 1179 1098 quid
1204 1060 1366 1086 necesse
1389 1053 1502 1086 est—

162 1125 326 1152 necesse
362 1119 495 1150 autern
533 1112 575 1152 id
612 1120 680 1160 est,
722 1113 807 1152 sine
844 1126 925 1164 quo
962 1113 1058 1152 salvi
1094 1112 1256 1152 liberive
1293 1125 1379 1151 esse
1419 1124 1501 1150 non

107 1193 146 1227 ¹5
164 1189 440 1227 possumus—‚
461 1177 502 1216 id
532 1185 591 1217 est
618 1177 777 1228 reliquis
806 1186 845 1218 et
870 1178 1144 1218 honestatibus
1167 1178 1208 1216 in
1227 1177 1331 1217 civili
1350 1176 1502 1216 ratione

163 1249 202 1281 et
231 1242 454 1281 commodis
481 1244 818 1292 anteponendum.
877 1245 981 1284 Cum
1011 1251 1143 1283 autem
1179 1242 1378 1294 quaeritur
1405 1241 1502 1292 quid
1521 1243 1563 1285 84

164 1306 247 1346 fieri
274 1307 409 1358 possit,
431 1307 648 1347 videndum
677 1308 796 1348 etiam
825 1316 884 1348 est
912 1322 1031 1359 quam
1061 1309 1175 1348 facile
1202 1307 1338 1358 possit.
1396 1308 1501 1345 Nam

165 1385 267 1423 quae
299 1372 543 1423 perdifficilia
576 1381 678 1421 sunt,
709 1374 874 1425 perinde
904 1375 1090 1414 habenda
1120 1387 1238 1425 saepe
1270 1379 1362 1412 sunt
1394 1385 1442 1411 ac
1472 1371 1503 1410 si

167 1437 269 1478 effici
306 1451 387 1476 non
425 1438 589 1488 possint.
658 1440 710 1478 Et
748 1453 839 1478 cum
878 1440 930 1479 de
967 1438 1202 1478 necessitate
1238 1439 1504 1485 attendemus,

107 1516 153 1542 -20
168 1502 287 1542 etiam
307 1502 339 1541 si
358 1516 440 1541 non
460 1503 724 1543 necessarium
744 1503 895 1555 aliquid
910 1504 1117 1552 videbitur,
1132 1504 1349 1543 videndum
1371 1510 1504 1542 tamen

168 1568 240 1607 erit
268 1581 388 1618 quam
412 1567 462 1607 sit
490 1568 531 1607 id
557 1582 756 1619 magnum.
826 1571 949 1619 Quod
978 1569 1084 1609 enim
1113 1568 1316 1620 permagni
1345 1568 1505 1607 interest

167 1646 239 1684 pro
268 1633 489 1673 necessario
517 1647 635 1685 saepe
663 1635 840 1674 habetur.
900 1636 1041 1685 Itaque
1069 1647 1160 1674 cum
1194 1640 1349 1673 constet
1381 1645 1505 1684 genus
1525 1631 1565 1673 85

169 1699 246 1737 hoc
266 1711 472 1737 causarum
492 1712 539 1738 ex
558 1699 742 1739 suasione
761 1707 799 1738 et
819 1699 1077 1748 dissuasione,
1099 1699 1248 1738 suasori
1274 1697 1508 1750 proponitur

170 1763 336 1814 simplex
354 1762 477 1803 ratio:
506 1763 537 1802 si
559 1772 598 1803 et
624 1764 719 1803 utile
747 1772 807 1804 est
835 1772 874 1804 et
897 1764 979 1804 fieri
1008 1771 1152 1816 potest,
1171 1765 1267 1812 fiat3
1295 1763 1505 1802 dissuasori

111 1841 153 1876 25
171 1829 343 1879 duplex:
371 1842 464 1877 una,
484 1828 516 1868 si
549 1842 631 1868 non
660 1829 755 1868 utile
784 1837 853 1877 est,
885 1843 936 1869 ne
965 1831 1032 1869 fiat
1048 1844 1059 1878 ;
1099 1831 1230 1877 altera,
1253 1828 1285 1868 si
1313 1827 1397 1868 fieri
1425 1841 1506 1867 non

170 1899 312 1944 potest,
344 1906 395 1932 ne
432 1893 675 1945 suscipiatur.
735 1894 799 1934 Sic
843 1894 993 1934 suasori
1030 1902 1241 1945 utrumque
1278 1894 1507 1933 docendum

171 1966 240 2006 est,
262 1958 475 1997 dissuasori
503 1961 669 1998 alterum
699 1959 895 1999 infirmare
922 1967 982 1999 sat
1007 1967 1077 1999 est.
1136 1961 1228 2010 Qua
1253 1973 1294 1998 re
1318 1958 1506 2009 quoniam
1525 1957 1568 1990 86

171 2022 212 2062 in
245 2023 306 2062 his
337 2031 511 2063 versatur
541 2037 661 2064 omne
692 2024 901 2064 consilium
937 2025 1105 2073 duobus,
1137 2025 1188 2064 de
1221 2023 1388 2063 utilitate
1416 2031 1509 2063 ante

172 2088 362 2138 dicamus,
394 2103 496 2140 quae
538 2089 579 2128 in
618 2089 890 2129 discernendis
932 2089 1048 2129 bonis
1091 2089 1283 2140 malisque
1321 2096 1504 2128 versatur.

116 2164 158 2198 30
174 2155 376 2193 Bonorum
410 2162 545 2194 autem
576 2154 719 2206 partim
752 2154 974 2194 necessaria
1007 2162 1099 2194 sunt
1130 2162 1173 2194 ut
1205 2154 1284 2193 vita
1318 2153 1508 2205 pudicitia

172 2218 342 2267 libertas,
374 2227 418 2258 ut
451 2219 563 2259 liberi
593 2220 782 2270 coniuges
815 2220 991 2271 germani
1022 2227 1217 2271 parentes,
1250 2219 1391 2270 partim
1426 2232 1507 2258 non

174 2282 438 2338 neeessaria[;
476 2298 646 2336 quorum
685 2285 762 2324 alia
798 2292 891 2324 sunt
927 2298 998 2337 per
1034 2298 1076 2325 se
1113 2285 1345 2336 expetenda,
1382 2291 1425 2324 ut
1462 2297 1507 2323 ea

221 2396 260 2426 13
283 2387 365 2419 utile
387 2387 433 2419 sit
454 2386 542 2419 codd.
573 2387 669 2420 deta:
694 2386 776 2420 utile
790 2391 842 2419 est
859 2387 893 2419 Ρ
1012 2397 1050 2428 15
1073 2387 1107 2419 in
1131 2387 1221 2419 civili
1244 2387 1376 2419 ratione
1391 2397 1459 2419 om.
1478 2386 1512 2418 P

176 2439 218 2461 22
242 2431 354 2471 itaque
368 2431 459 2471 vulg.
478 2442 486 2462 :
508 2431 555 2462 ita
570 2431 605 2463 P
741 2441 783 2470 24
801 2431 897 2473 prius
913 2435 948 2463 et
963 2442 1028 2462 om.
1048 2430 1082 2462 P
1218 2441 1260 2471 32
1282 2441 1423 2472 quorum
1440 2454 1447 2462 .
1469 2454 1476 2462 .
1495 2454 1504 2462 .

177 2474 295 2514 copiae
309 2475 378 2508 secl.
395 2473 521 2507 Schuetz
