1696 2730
690 138 928 179 ORATOR
1419 147 1477 186 49
1499 143 1562 186 164

147 247 347 298 itemque:

254 311 541 363 versutiloquas
570 310 749 350 malitias.

148 378 235 416 Nec
253 378 382 416 solum
403 383 693 427 componentur
711 376 831 416 verba
855 375 1016 424 ratione,
1039 377 1110 415 sed
1133 375 1251 415 etiam
1279 374 1474 422 finientur,

147 442 335 493 quoniam
365 442 407 481 id
439 441 630 481 iudicium
663 455 749 481 esse
785 443 951 480 alterum
988 440 1142 480 aurium
1180 440 1360 480 diximus.
1425 442 1477 479 Et

109 520 126 551 5
148 507 337 546 finiuntur
369 514 437 546 aut
469 507 555 558 ipsa
587 506 877 558 compositione
910 513 950 545 et
978 506 1090 557 quasi
1121 519 1191 545 sua
1224 513 1376 557 sponte,
1409 512 1478 544 aut

147 573 322 623 quodam
342 586 485 623 genere
503 572 725 620 verborum,
742 571 783 610 in
803 571 948 623 quibus
967 571 1061 622 ipsis
1081 570 1328 610 concinnitas
1349 570 1451 610 inest
1466 585 1477 619 3

147 650 250 688 quae
278 637 359 677 sive
387 651 501 677 casus
529 637 679 677 habent
707 636 749 675 in
777 637 882 676 exitu
911 636 1048 676 similis
1078 636 1159 676 sive
1185 635 1344 687 paribus
1370 634 1478 686 paria

146 703 365 741 redduntur
401 703 482 742 sive
519 710 776 754 opponuntur
811 701 1016 750 contraria,
1056 709 1195 752 suapte
1232 708 1371 739 natura
1408 714 1478 739 nu-

148 781 301 807 merosa
330 776 432 816 sunt,
465 768 584 808 etiarn
614 768 647 807 si
683 768 782 807 nihil
814 775 873 807 est
902 768 1051 806 factum
1084 767 1135 806 de
1165 765 1367 805 industria.
1427 767 1476 804 In
1499 768 1562 811 165

91 841 130 864 10
147 832 263 872 huius
289 833 568 873 concinnitatis
596 833 892 873 consectatione
913 831 1100 883 Gorgiam
1119 831 1238 870 fuisse
1258 830 1477 881 principem

147 898 400 949 accepimus3
429 912 509 950 quo
538 901 589 939 de
617 913 759 950 genere
788 898 854 938 illa
881 905 1014 937 nostra
1043 904 1134 936 sunt
1160 896 1200 935 in
1231 895 1479 935 Miloniana:

150 964 220 1001 Est
240 963 357 1010 enim,
381 963 545 1013 iudices,
565 965 663 1003 haec
683 978 764 1003 non
784 963 938 1014 scripta,
959 964 1030 1002 sed
1050 963 1142 1001 nata
1161 964 1233 1010 lex,
1255 975 1375 1012 quam
1396 974 1478 1000 non

148 1027 371 1077 didicimus,
402 1029 639 1080 accepimus,
670 1029 847 1080 legimus,
869 1042 1005 1068 verum
1035 1042 1083 1067 ex
1110 1035 1249 1066 natura
1277 1027 1363 1077 ipsa
1389 1026 1480 1065 arri-

149 1093 318 1144 puimus,
351 1094 566 1142 hausimus,
599 1094 871 1145 expressimus,
906 1095 958 1133 ad
991 1106 1112 1144 quam
1142 1106 1224 1131 non
1257 1091 1377 1139 docti,
1407 1092 1484 1131 sed-

91 1170 128 1203 15
149 1158 252 1206 facti,
287 1172 370 1198 non
403 1159 580 1207 instituti,
614 1161 685 1199 sed
718 1159 861 1199 imbuti
892 1172 1038 1198 sumus.
1098 1159 1213 1196 Haec
1247 1157 1353 1196 enirn
1387 1156 1481 1195 talia

149 1231 251 1271 sunt,
273 1231 326 1271 ut,
349 1224 442 1275 quia
460 1226 679 1264 referuntur
698 1238 746 1264 eo
766 1238 847 1275 quo
867 1224 1016 1264 debent
1040 1222 1183 1270 referri,
1205 1222 1479 1272 intellegamus

148 1302 229 1328 non
249 1289 472 1340 quaesitum
492 1303 578 1330 esse
597 1303 818 1338 numerum,
840 1290 911 1329 sed
932 1295 1122 1328 secutum.
1178 1288 1300 1337 Quod
1320 1288 1363 1343 fit
1383 1287 1478 1326 item
1500 1289 1561 1324 166

148 1355 188 1394 in
226 1355 429 1395 contrariis
471 1356 694 1404 referendis,
735 1363 778 1396 ut
815 1355 882 1394 illa
923 1362 1015 1394 sunt
1052 1353 1196 1405 quibus
1235 1367 1317 1392 non
1355 1353 1479 1393 modo

148 1434 356 1461 numerosa
387 1421 511 1461 oratio
540 1422 611 1461 sed
639 1421 758 1461 etiam
786 1434 920 1460 versus
949 1419 1136 1460 efficitur:

89 1503 132 1527 20
203 1500 291 1526 eam
320 1500 440 1537 quam
468 1486 566 1525 nihil
594 1499 757 1526 accusas
785 1487 1007 1526 damnas—

150 1552 394 1591 condemnas
414 1551 575 1591 dixisset
594 1551 663 1603 qui
681 1565 837 1591 versum
857 1552 1027 1602 effugere
1046 1550 1228 1596 vellet—-‚

531 1617 634 1656 bene
663 1630 782 1668 quam
812 1616 991 1655 meritam
1021 1629 1107 1655 esse
1134 1622 1316 1654 autumas
1346 1611 1479 1667 [dicis]

204 1684 307 1722 male
349 1683 534 1722 merere?
579 1681 620 1720 id
658 1682 767 1732 quod
810 1680 885 1720 scis
922 1681 1084 1731 prodest
1120 1679 1218 1718 nihil
1234 1693 1245 1728 3
1290 1678 1332 1718 id
1369 1680 1480 1730 quod

311 1746 439 1786 nescis
459 1747 603 1786 obest?

91 1828 129 1860 ²5
150 1815 319 1852 Versum
351 1811 468 1851 efficit
505 1811 590 1863 ipsa
627 1811 764 1850 relatio
801 1810 1097 1850 contrariorum.
1156 1811 1271 1849 Idem
1305 1815 1408 1848 esset
1438 1807 1478 1847 in

149 1878 328 1918 oratione
374 1890 657 1916 numerosum:
709 1877 832 1926 Quod
876 1876 951 1916 scis
993 1875 1090 1914 nihil
1133 1876 1318 1926 prodest3
1369 1875 1479 1925 quod

151 1943 278 1984 nescis
308 1944 476 1982 multum
507 1942 631 1982 obest.
692 1943 856 1992 Semper
883 1942 991 1989 haec,
1015 1954 1117 1992 quae
1141 1939 1283 1979 Graeci
1309 1939 1479 1980 ἀντίθετα
1496 1956 1551 1995 50

194 2057 208 2078 1
235 2047 386 2086 itemque
403 2044 555 2077 Ernesti:
581 2045 739 2085 idemque
756 2044 785 2076 L
801 2055 808 2075 z
834 2044 936 2075 fidem
953 2068 962 2076 .
980 2068 989 2076 .
1007 2043 1041 2074 A
1183 2053 1203 2082 3
1229 2047 1480 2082 componentur

148 2116 155 2123 .
177 2116 184 2123 .
202 2114 210 2122 .
230 2090 392 2121 finientur
407 2088 438 2120 L
456 2101 464 2121 ι
486 2095 734 2129 componantur
748 2112 756 2120 .
777 2111 787 2121 .
804 2111 813 2120 .
833 2088 993 2119 finiantur
1007 2086 1042 2117 A
1197 2097 1217 2127 4
1241 2090 1275 2118 et
1290 2086 1324 2116 A
1342 2091 1349 2117 ὲ
1371 2086 1432 2117 sed
1449 2084 1480 2118 L

148 2144 168 2174 5
191 2133 357 2165 finiuntur
383 2132 437 2164 L:
475 2133 638 2164 finiantur
662 2131 697 2164 A
833 2135 869 2162 et
896 2131 993 2171 quasi
1021 2128 1112 2162 AL:
1146 2134 1204 2162 aut
1229 2130 1325 2170 quasi
1356 2129 1481 2160 Schatz

147 2182 205 2210 aut
222 2177 367 2218 quodam
384 2186 511 2216 genere
527 2175 617 2217 vulg.
633 2187 641 2207 :
665 2180 701 2207 ut
717 2175 882 2216 quaedam
900 2184 1030 2214 genera
1044 2173 1112 2205 AL
1258 2175 1280 2204 6
1304 2173 1339 2204 in
1355 2183 1423 2204 om.
1442 2171 1477 2204 A

152 2222 191 2252 16
214 2231 256 2252 eo
273 2231 341 2260 quo
357 2220 501 2260 Stangl:
525 2230 565 2251 ea
581 2229 669 2259 quae
684 2218 717 2249 A
737 2231 744 2250 :
766 2219 808 2250 ad
833 2229 874 2250 ea
897 2228 984 2258 quae
1006 2216 1062 2249 L:
1084 2217 1127 2249 ad
1151 2227 1191 2248 ea
1214 2217 1256 2248 ad
1281 2226 1368 2256 quae
1389 2214 1479 2249 codd.

147 2264 220 2296 dett.
240 2276 247 2296 :
270 2264 312 2295 ad
329 2275 417 2305 quae
432 2262 591 2295 Frz'edn'ch
709 2273 748 2293 21
775 2262 919 2293 dixisset
934 2286 942 2294 .
963 2285 971 2294 .
989 2286 996 2293 .
1015 2260 1178 2293 voluisset
1193 2259 1227 2291 A
1245 2271 1252 2291 ι
1277 2261 1406 2291 diceret
1421 2283 1430 2291 .
1444 2283 1452 2292 .
1470 2281 1480 2293 .

147 2308 250 2340 vellet
267 2307 296 2338 L
393 2318 436 2339 22
459 2312 615 2338 autumas
631 2306 716 2338 dicis
729 2306 762 2336 A
779 2316 786 2336 :
811 2311 965 2337 autumas
981 2315 1044 2346 pro
1059 2305 1206 2336 autimas
1223 2303 1306 2335 dicis
1319 2302 1348 2333 L
1363 2314 1371 2334 :
1395 2303 1480 2335 dicis

148 2352 216 2384 secl.
235 2351 361 2393 Stangl
490 2359 531 2390 23
558 2360 690 2382 merere
707 2348 832 2383 FPO:
858 2350 980 2380 mereri
997 2347 1126 2380 AP²M
1247 2356 1289 2388 25
1314 2347 1404 2379 idem
1420 2346 1454 2377 A
1472 2358 1480 2379 :

150 2394 183 2427 id
200 2394 230 2426 L

1331 2442 1393 2478 11*
