1630 2730
625 141 948 182 PRAEFATIO

123 248 235 300 sequi
268 250 396 290 solent
425 249 606 290 editores.
680 251 854 300 Ceteros,
887 264 988 303 quos
1027 250 1197 291 excussit
1238 250 1454 300 Friedrich,

124 315 249 353 multo
273 313 434 354 minoris
460 327 546 354 esse
565 314 664 366 preti
683 314 766 355 iure
792 316 955 364 ducunt,
978 323 1116 367 utpote
1136 315 1294 355 decimo
1315 315 1454 366 quinto

122 379 285 418 demum
312 380 471 418 saeculo
500 378 633 430 scripti
663 378 751 428 sint,
783 387 822 420 et
853 381 1044 420 Italorum
1076 379 1313 420 coniecturis
1341 380 1454 420 inter-

122 442 256 495 polati.
297 445 436 495 Nuper
450 451 583 484 tamen
596 444 881 484 demonstravit
895 445 1081 485 Hedicke
1095 458 1176 484 non
1191 444 1289 484 nihil
1305 446 1453 485 fructus

122 521 208 548 esse
227 510 445 560 petendum
466 522 514 549 ex
533 509 672 549 codice
693 509 872 549 Parisino
894 522 995 561 7347
1014 510 1132 562 (saec.
1154 510 1220 562 xi),
1239 510 1350 550 cuius
1377 524 1453 562 ope

121 574 242 614 fretus
286 573 503 614 editionem
544 574 783 626 peculiarem
825 574 942 614 huius
984 575 1105 616 libelli
1143 575 1254 616 dedit
1291 576 1332 615 in
1370 590 1455 628 pro-

121 646 336 691 grammate
350 638 500 690 <Sorav.
519 638 686 692 Lusat.).
734 639 944 692 Specimen
961 640 1072 680 dedit
1086 641 1305 689 Chatelain,
1321 643 1454 681 Pale‘o-

116 704 280 755 graphia
293 705 446 752 Latine,
464 705 515 756 pl.
530 719 579 743 xx
594 719 629 744 α.
670 706 833 745 Testem
849 705 913 745 hic
929 705 1007 745 illic
1023 719 1114 745 cum
1131 706 1229 757 siglo
1241 707 1451 746 Padduxi.

110 768 196 819 f=
215 770 304 809 cod.
336 769 630 821 Vitebergensis
647 786 654 809 :
700 783 875 822 quocum
905 771 1159 811 consentiunt
1191 773 1271 812 fere
1305 772 1454 823 ubique

121 848 147 873 r
162 850 203 869 =
221 836 309 874 cod.
327 836 416 874 Vat.
435 835 575 885 Regin.
596 838 692 885 1841
718 843 756 876 et
775 849 797 875 o
813 852 854 870 =
874 838 962 876 eod.
986 837 1282 877 Ottobonianus
1303 851 1415 888 1449.

177 900 462 940 PARTITIONES
482 901 729 941 ORATORrAs
748 902 939 954 praebent
958 903 1040 941 duo
1064 902 1157 942 satis
1178 902 1274 943 boni
1294 903 1453 943 codices

123 963 299 1012 Parisini,
317 966 475 1004 saeculo
491 965 648 1005 decimo
664 966 797 1018 scripti
815 982 822 1006 :
852 969 895 1006 P
908 984 948 1001 =
967 969 1055 1007 eod.
1075 967 1274 1008 Parisinus
1297 980 1396 1019 7231
1415 978 1454 1008 et

113 1036 147 1081 p
163 1045 205 1063 =
224 1031 313 1070 cod.
336 1029 534 1069 Parisinus
558 1033 671 1082 7696.
720 1033 795 1072 Illo
811 1045 905 1071 usus
921 1040 979 1072 est
1001 1034 1153 1083 Kayser
1170 1049 1178 1073 ε
1208 1035 1285 1073 hoc
1305 1033 1453 1084 primus

124 1094 336 1135 Friedrich.
396 1095 527 1136 Ceteri
547 1096 705 1136 decimo
726 1097 866 1148 quinto
886 1100 1045 1137 saeculo
1066 1098 1248 1151 exscripti
1267 1112 1349 1138 non
1370 1099 1454 1139 sine

122 1161 250 1199 fructu
278 1160 454 1200 adeundi
482 1168 585 1200 sunt.
644 1163 906 1214 Erlangenses
935 1170 1012 1202 tres
1040 1163 1101 1214 (E
1118 1181 1158 1198 =
1177 1178 1207 1212 e,
1236 1165 1271 1212 b,
1299 1164 1337 1215 z)
1364 1178 1455 1204 con-

123 1225 210 1264 tulit
244 1226 434 1274 Stroebel,
466 1226 760 1278 Redigeranum
795 1227 880 1280 (R),
903 1228 1230 1281 Vitebergensem
1265 1228 1336 1282 (f)
1365 1239 1455 1281 post

121 1289 219 1330 alios
240 1290 451 1339 Friedrich,
474 1291 539 1331 cui
557 1292 825 1333 conlationem
846 1294 987 1334 debeo.

176 1357 444 1405 Tomeoiva,
464 1356 612 1409 quippe
632 1371 734 1409 quae
754 1358 794 1398 in
814 1372 912 1399 aevo
933 1361 1043 1411 quod
1063 1359 1173 1400 aiunt
1194 1360 1328 1400 medio
1349 1361 1455 1400 lecti-

122 1428 203 1461 tata
249 1421 337 1469 sint‚
377 1421 544 1472 plurima
591 1431 745 1463 exstant
791 1425 1038 1476 exemplaria.
1104 1427 1286 1476 Quorum
1329 1440 1452 1465 unum

122 1485 234 1537 quasi
266 1488 418 1526 sontem
451 1488 621 1538 repperit
659 1503 785 1541 nuper
819 1489 1021 1544 Friedrich
1041 1506 1048 1530 ι
1087 1490 1118 1530 is
1153 1498 1212 1530 est
1250 1492 1285 1531 O
1303 1508 1344 1526 =
1364 1493 1451 1530 cod.

123 1551 420 1591 Ottobonianus
444 1555 557 1601 1406,
579 1567 679 1594 saec.
701 1570 738 1604 Χ,
759 1569 931 1606 quocum
960 1555 1117 1607 saepius
1144 1556 1343 1596 consentit
1363 1558 1451 1596 cod.

123 1615 416 1668 Vitebergensis
436 1617 523 1669 (f).
580 1621 757 1659 Alteram
783 1634 876 1660 vero
900 1620 1090 1661 familiam
1116 1623 1269 1661 ducunt
1295 1621 1454 1661 codices

124 1681 308 1721 Vossiani
324 1683 462 1735 2-(A)
481 1699 522 1717 =
542 1686 630 1723 cod.
653 1686 767 1725 Voss.
798 1688 864 1735 84,
883 1699 983 1726 saec.
1013 1701 1046 1734 x,
1070 1686 1145 1739 (B)
1165 1703 1206 1720 =
1225 1688 1313 1726 cod.
1335 1688 1450 1726 Voss.

124 1748 185 1793 86,
215 1760 315 1786 saec.
343 1762 380 1796 Χ,
408 1747 482 1800 (m)
501 1765 541 1781 =
561 1751 650 1789 cod.
683 1751 807 1790 Marc.
838 1763 925 1802 257,
954 1765 1054 1791 saec.
1083 1766 1117 1790 x.
1178 1754 1334 1791 Harum
1364 1765 1456 1791 con·

123 1811 359 1852 sentientem
380 1813 591 1853 lectionem
613 1815 711 1866 siglo
726 1818 764 1855 A
781 1815 969 1856 indicavit
987 1816 1199 1856 Friedrich.
1250 1819 1455 1856 Praeterea

123 1876 289 1916 notandi
303 1885 394 1917 sunt
410 1880 683 1929 Sangallenses
696 1880 745 1932 (b,
762 1895 788 1930 c,
806 1882 853 1934 d>
867 1889 942 1921 tres
958 1880 1069 1933 (830,
1085 1883 1175 1933 854,
1198 1883 1275 1920 818
1295 1895 1394 1922 saec.
1418 1896 1454 1931 Χ,

123 1941 188 1992 Χί),
212 1942 496 1983 Einsiedlensis
518 1944 577 1998 (a)
596 1959 698 1984 unus
726 1960 804 1996 3²4
823 1946 942 1998 (saec.
970 1946 1021 1999 x),
1041 1947 1258 1987 Vossianus
1282 1959 1330 1997 70
1346 1945 1430 1999 (V)
1445 1963 1454 1996 3

123 2014 162 2047 et
180 2006 246 2046 alii
265 2008 406 2058 plures.
467 2010 556 2049 Hos
585 2023 735 2059 omnes,
759 2011 791 2050 si
811 2013 974 2063 quando
1000 2025 1100 2063 opus
1129 2020 1222 2061 erat,
1244 2026 1335 2052 cum
1356 2011 1454 2064 siglo

122 2074 222 2111 codd.
252 2074 339 2111 dett.
376 2073 494 2114 citare
532 2075 625 2114 satis
663 2089 749 2116 esse
784 2077 888 2116 duxi.
960 2077 1119 2117 Indices
1157 2077 1366 2117 nominum
1403 2080 1454 2117 ad

124 2139 288 2177 Brutum
310 2146 463 2178 tantum
484 2147 523 2179 et
541 2142 592 2180 ad
610 2142 817 2182 Oratorem
839 2156 1015 2182 seorsum
1035 2144 1183 2183 addere
1203 2143 1454 2183 commodius

123 2216 208 2243 esse
229 2204 450 2254 legentibus
469 2206 614 2256 putavi.

1193 2298 1241 2336 A.
1274 2298 1310 2337 S.
1338 2299 1396 2337 W.

209 2364 387 2397 Mancunii

274 2420 325 2453 Id.
343 2421 548 2455 festucam.
