1696 2730
698 138 936 179 ORATOR
1434 147 1488 189 50
1509 145 1572 189 1[69

157 250 450 298 sententiarum,
485 262 605 300 quam
634 247 716 287 non
745 248 904 287 habent.
932 246 935 248 ’
965 248 1060 286 Post
1091 247 1251 286 inventa
1283 247 1487 287 conclusio
1506 259 1549 297 51

157 324 226 364 est,
248 329 327 366 qua
351 316 472 355 credo
498 327 636 353 usuros
655 321 805 352 veteres
831 313 919 352 illos
945 313 1075 361 fuisse,
1099 312 1131 351 si
1157 312 1235 351 iam
1255 320 1351 352 nota
1369 320 1489 363 atque

157 389 342 432 usurpata
373 394 434 419 res
462 387 592 428 esset3
631 393 710 430 qua
734 378 895 418 inventa
923 377 1053 418 omnis
1082 391 1175 417 usos
1209 391 1374 429 magnos
1407 392 1491 417 ora-

157 455 260 485 tores
279 446 471 485 videmus.
512 446 592 484 Sed
611 444 732 483 habet
751 457 900 484 nomen
920 443 1120 491 invidiam,
1139 457 1230 482 curn
1251 443 1292 481 in
1312 443 1490 483 oratione
1513 460 1573 492 ¹70

120 528 138 559 5
156 511 330 551 iudiciali
358 519 398 550 et
426 509 571 550 forensi
599 523 786 549 numerus
811 507 981 563 [Latine,
1006 510 1157 548 Graece
1180 506 1334 562 ῥυθμός]
1361 508 1490 548 inesse

156 577 308 616 dicitur.
368 575 498 615 Nimis
526 575 633 614 enirn
661 574 893 614 insidiarum
921 576 974 614 ad
1002 574 1216 625 capiendas
1247 574 1351 613 auris
1382 573 1492 614 adhi-

158 642 239 681 beri
258 641 422 688 videtur,
451 640 484 679 si
512 640 630 679 etiam
660 639 701 678 in
730 639 904 679 dicendo
933 639 1087 678 numeri
1115 640 1168 678 ab
1196 647 1349 678 oratore
1375 652 1492 690 quae-

157 715 303 746 runtur.
364 708 457 746 Hoc
472 705 559 745 freti
578 705 642 744 isti
661 713 701 744 et
720 705 795 755 ipsi
813 705 979 744 infracta
998 713 1037 744 et
1056 712 1260 755 amputata
1275 706 1491 755 loquuntur

158 781 197 812 et
216 786 285 811 eos
305 771 526 822 vituperant
546 771 614 822 qui
633 778 726 821 apta
745 778 784 810 et
804 770 914 809 finita
933 770 1191 820 pronuntiant
1205 785 1216 818 3
1249 769 1278 808 si
1306 769 1491 809 inanibus

103 857 143 878 10
158 837 286 876 verbis
324 836 556 887 levibusque
594 835 809 883 sententiis,
850 835 957 884 iure;
1004 835 1064 874 sin
1103 837 1252 886 probae
1283 849 1353 883 res,
1390 836 1492 874 lecta

157 903 286 950 verba,
309 901 406 953 quid
432 909 491 941 est
517 915 586 940 eur
611 902 795 940 claudere
822 909 890 940 aut
916 901 1094 940 insistere
1113 900 1333 940 orationem
1354 899 1492 939 malint

158 981 278 1019 quam
310 981 401 1006 cum
440 966 636 1006 sententia
672 966 816 1017 pariter
851 968 1082 1006 excurrere?
1139 966 1220 1005 Hic
1257 965 1364 1005 enim
1398 964 1494 1004 invi-

159 1033 295 1072 diosus
312 1046 499 1071 numerus
519 1032 617 1070 nihil
636 1033 764 1071 adfert
782 1031 891 1071 aliud
911 1031 986 1071 nisi
1006 1039 1048 1070 ut
1068 1031 1117 1070 sit
1135 1039 1227 1082 apte
1239 1031 1368 1070 verbis
1387 1043 1494 1069 com-

160 1099 354 1150 prehensa
374 1097 570 1136 sententia
586 1111 597 1145 3
625 1098 735 1147 quod
755 1098 799 1136 fit
819 1097 938 1137 etiarn
958 1098 1009 1136 ab
1029 1096 1213 1147 antiquis,
1236 1098 1306 1136 sed
1326 1098 1494 1147 plerum-

105 1179 141 1210 ¹5
161 1177 240 1215 que
259 1177 352 1203 casu
372 1176 490 1214 saepe
510 1170 648 1201 natura
662 1177 673 1211 ,-
705 1170 745 1201 et
764 1176 866 1213 quae
886 1164 1001 1202 valde
1030 1164 1240 1201 laudantur
1265 1163 1372 1212 apud
1391 1161 1491 1209 illos,

161 1243 208 1269 ea
237 1230 316 1268 fere
355 1228 447 1279 quia
480 1235 572 1266 sunt
604 1229 793 1267 conclusa
821 1229 1040 1267 laudantur.
1102 1229 1153 1266 Et
1182 1228 1289 1278 apud
1320 1229 1493 1266 Graecos
1515 1237 1573 1272 171

160 1294 322 1346 quidem
357 1293 434 1332 iarn
467 1293 562 1332 anni
594 1306 718 1343 prope
751 1293 1028 1344 quadringenti
1057 1301 1148 1332 sunt
1177 1306 1268 1331 cum
1298 1294 1375 1331 hoc
1408 1305 1495 1342 pro-

160 1361 275 1400 batur
291 1374 302 1408 ;
343 1372 416 1398 nos
454 1372 580 1409 nuper
616 1358 860 1409 agnovimus.
921 1360 1026 1409 Ergo
1061 1357 1194 1397 Ennio
1224 1357 1333 1396 licuit
1363 1364 1495 1396 vetera

160 1424 433 1466 contemnenti
452 1424 583 1463 dicere
599 1439 607 1463 z

104 1503 146 1526 κο
300 1490 488 1539 versibus,
516 1503 617 1540 quos
647 1489 742 1528 olim
773 1489 899 1529 Fauni
927 1498 1116 1540 vatesque
1145 1489 1354 1536 canebant,

163 1556 260 1595 mihi
279 1557 330 1595 de
349 1555 521 1605 antiquis
541 1556 686 1594 eodem
711 1557 834 1594 modo
860 1569 942 1594 non
962 1554 1126 1594 licebit?
1153 1554 1381 1606 praesertim
1402 1567 1494 1592 cum

161 1622 338 1661 dicturus
368 1634 450 1659 non
476 1620 550 1658 sim
580 1627 673 1659 ante
699 1621 816 1666 hunc,
843 1627 886 1658 ut
915 1619 990 1667 ille,
1023 1633 1097 1659 nec
1123 1633 1224 1670 quae
1253 1626 1494 1669 sequuntur:

163 1689 248 1726 Nos
268 1685 353 1725 ausi
372 1699 541 1724 reserare
555 1685 697 1735 3—legi
712 1685 819 1724 enim
834 1684 1047 1735 audivique
1068 1698 1149 1724 non
1170 1686 1309 1731 nullos,
1325 1697 1495 1734 quorum

163 1765 286 1803 prope
303 1751 468 1790 modum
488 1751 669 1790 absolute
688 1751 991 1789 concluderetur
1006 1749 1141 1789 oratio.
1191 1751 1314 1799 Quod
1330 1748 1398 1800 qui
1413 1762 1495 1788 non

106 1832 146 1865 25
162 1824 340 1868 possunt,
369 1829 451 1854 non
479 1823 539 1854 est
566 1815 622 1854 eis
650 1815 744 1854 satis
773 1828 854 1854 non
883 1814 1096 1862 contemni,
1118 1813 1268 1853 laudari
1293 1814 1412 1854 etiarn
1432 1827 1496 1853 vo-

164 1883 260 1920 lunt.
321 1882 406 1931 Ego
434 1887 567 1919 autem
597 1879 684 1918 illos
713 1878 820 1930 ipsos
849 1880 970 1918 laudo
998 1878 1119 1929 idque
1150 1878 1299 1925 merito,
1325 1891 1495 1928 quorum

165 1961 206 1986 se
235 1946 299 1985 isti
327 1945 543 1984 imitatores
572 1958 658 1984 esse
687 1944 836 1993 dicunt,
867 1944 941 1983 etsi
970 1944 1010 1982 in
1040 1943 1095 1983 eis
1128 1943 1279 1994 aliquid
1299 1943 1493 1990 desidero,

166 2014 238 2051 hos
262 2024 354 2050 vero
383 2010 557 2057 minime,
586 2009 655 2060 qui
681 2009 779 2048 nihil
805 2009 960 2048 illorum
989 2008 1065 2048 nisi
1097 2008 1234 2048 vitium
1265 2015 1494 2060 sequuntur,

165 2091 257 2116 cum
281 2090 306 2115 a
330 2075 446 2115 bonis
470 2075 602 2114 absint
627 2074 867 2126 longissime.
1565 2092 1581 2100 ·

107 2157 149 2188 30
221 2142 343 2192 Quod
375 2140 407 2180 si
439 2140 543 2180 auris
575 2148 654 2180 tarn
688 2140 925 2179 inhumanas
955 2146 1116 2191 tamque
1144 2138 1305 2190 agrestis
1334 2139 1497 2188 habent,
1519 2153 1576 2186 17²

167 2221 217 2247 ne
236 2206 556 2246 doctissimorum
584 2205 746 2257 quidem
770 2205 942 2244 virorum
968 2217 1036 2244 eos
1064 2203 1239 2243 movebit
1257 2203 1498 2243 auctoritas?

209 2322 229 2351 4
252 2322 328 2344 cum
347 2335 354 2343 .
375 2334 382 2343 .
400 2336 408 2344 .
427 2311 551 2342 dicitur
565 2309 634 2341 secl.
654 2309 781 2350 Stangl
931 2317 950 2348 5
976 2308 1110 2347 Latine,
1133 2307 1266 2339 Graece
1290 2306 1404 2346 ῥυθμός
1426 2308 1495 2339 secl.

167 2355 301 2387 Ernesti
414 2366 432 2395 7
457 2355 486 2386 si
506 2355 554 2386 L:
580 2364 655 2385 cum
673 2354 701 2384 si
718 2353 751 2383 A
880 2361 920 2383 10
942 2352 996 2383 sin
1012 2349 1079 2383 1³²:
1103 2352 1174 2383 sint
1190 2350 1331 2382 FP¹0A
1459 2361 1496 2390 14

168 2399 367 2440 plerumque
403 2409 495 2439 casu,
531 2408 635 2438 saepe
666 2397 732 2428 AL
751 2408 759 2428 :
796 2406 915 2436 parum
951 2400 1092 2435 tumque
1123 2405 1203 2427 casu
1235 2395 1307 2427 sive
1336 2394 1498 2426 Friedrich

168 2454 210 2483 24
233 2443 325 2483 quod
342 2443 398 2483 qui
417 2442 444 2474 L
461 2454 469 2474 ε
491 2441 548 2482 qui
565 2442 655 2482 quod
672 2441 706 2471 A
852 2449 891 2480 31
917 2439 1063 2471 moverit
1079 2438 1112 2469 A
1484 2459 1487 2461 <
