1696 2730
130 159 174 187 21
195 165 233 198 72
534 151 592 189 M.
623 151 794 189 TVLLI
826 151 1137 191 CICERONIS

130 735 169 770 73

117 1089 169 1117 22

131 1151 169 1183 74

189 261 380 301 auditoris
409 270 448 302 et
476 264 528 302 ad
557 263 864 303 delectationem
893 265 1066 312 refertur,
1091 265 1287 304 utendum
1316 263 1389 304 erit
1415 265 1457 304 in
1481 265 1536 306 eis

188 334 330 366 ornata
362 328 540 367 oratione
571 336 610 368 et
643 329 887 380 singulorum
921 330 1131 369 verborum
1170 329 1400 381 insignibus,
1433 344 1537 382 quae

190 394 339 433 habent
377 394 591 445 plurimum
630 394 929 434 suavitatis—id
974 396 1028 444 fit,
1069 395 1101 434 si
1146 395 1259 435 factis
1296 396 1426 436 verbis
1469 405 1537 437 aut

189 459 353 499 vetustis
390 468 467 499 aut.
497 460 692 499 translatis
730 455 956 512 frequenter
993 469 1215 510 utamur—,
1247 469 1286 501 et
1323 461 1409 513 ipsa
1445 476 1539 502 con—

190 525 406 564 structione
435 526 658 574 verborum,
691 533 735 565 ut
768 526 876 577 paria
909 527 1069 577 paribus
1100 535 1139 566 et
1172 527 1315 567 similia
1343 527 1537 568 similibus
1557 540 1575 572 5

191 605 309 642 saepe
339 592 564 639 referantur,
587 599 630 630 ut
650 592 858 640 contraria,
878 600 921 631 ut
940 592 1149 643 geminata,
1179 601 1222 632 ut
1242 592 1538 644 circumscripta

191 670 412 703 numerose,
428 670 510 696 non
529 658 581 696 ad
601 656 901 696 similitudinem
921 671 1117 706 versuum,
1133 660 1204 698 sed
1223 659 1275 698 ad
1295 660 1537 710 explendum

189 722 343 761 aurium
364 735 524 761 sensum
545 730 640 772 apto
661 723 837 773 quodam
858 722 971 773 quasi
990 724 1199 762 verborum
1222 725 1356 763 modo.
1415 724 1538 763 Adhi—

190 788 403 838 bendaque
448 788 691 838 frequentius
733 787 852 827 etiam
892 788 958 827 illa
996 796 1230 828 ornamenta
1273 802 1416 837 rerum,
1456 789 1538 829 sive

191 851 326 907 [quae]
347 853 595 893 admirabilia
615 853 696 892 sive
716 867 790 892 nec
820 853 982 904 opinata
1007 853 1089 893 sive
1115 854 1333 905 significata
1353 854 1538 894 monstris
1559 868 1599 891 10

190 919 377 970 prodigiis
404 927 443 958 et
464 918 631 958 oraculis
659 919 739 958 sive
760 932 863 969 quae
882 919 1124 958 videbuntur
1146 919 1182 959 ei
1203 921 1254 959 de
1274 933 1355 971 quo
1374 934 1537 972 agemus

190 982 380 1022 cecidisse
401 982 536 1021 divina
561 990 681 1032 atque
701 981 843 1021 fatalia.
894 982 1036 1022 Omnis
1057 982 1163 1021 enim
1191 982 1433 1034 exspectatio
1453 982 1537 1022 eius

190 1045 259 1095 qui
287 1045 398 1084 audit
428 1052 466 1084 et
495 1044 704 1084 admiratio
734 1052 772 1084 et
803 1044 1005 1096 improvisi
1034 1045 1160 1084 exitus
1189 1046 1340 1085 habent
1363 1045 1536 1097 aliquam

188 1107 228 1146 in
249 1107 452 1147 audiendo
471 1109 727 1158 voluptatem.
787 1108 866 1146 Sed
894 1107 1083 1158 quoniam
1111 1108 1234 1147 tribus
1260 1107 1301 1147 in
1327 1108 1537 1159 generibus

189 1173 297 1212 bona
318 1175 469 1213 malave
489 1181 702 1220 versantur,
726 1171 892 1226 [externi
916 1180 955 1212 et
981 1173 1156 1224 corporis
1183 1181 1221 1212 et
1250 1172 1390 1226 animi]
1411 1173 1538 1225 prima
1558 1187 1596 1220 15

189 1238 267 1278 sint
296 1246 466 1286 externa,
489 1253 592 1290 quae
621 1240 818 1278 ducantur
845 1252 869 1277 a
896 1252 1039 1289 genere
1053 1254 1064 1287 3
1102 1253 1183 1290 quo
1214 1238 1383 1279 breviter
1413 1239 1539 1279 modi-

189 1318 315 1354 ceque
346 1306 508 1343 laudato
541 1312 619 1352 aut,
643 1304 672 1343 si
704 1304 776 1344 erit
805 1304 962 1352 infame,
994 1305 1280 1355 praetermisso,
1311 1304 1343 1344 si
1374 1305 1535 1353 humile,

190 1371 250 1408 vel
282 1370 491 1420 praeterito
517 1371 579 1409 vel
607 1371 659 1409 ad
688 1371 910 1421 augendam
941 1370 1025 1409 eius
1055 1384 1175 1421 quem
1205 1371 1342 1410 laudes
1372 1370 1536 1422 gloriam

190 1442 307 1483 tacto,
338 1435 539 1487 deinceps,
572 1435 603 1474 si
642 1449 702 1474 res
733 1435 912 1486 patietur,
944 1436 996 1475 de
1033 1435 1200 1474 fortunis
1238 1435 1310 1475 erit
1346 1435 1538 1475 facultati-

190 1500 344 1551 busque
375 1500 604 1540 dicendum.
665 1503 808 1540 Postea
838 1502 889 1539 de
919 1501 1093 1551 corporis
1128 1501 1267 1550 bonis;
1307 1500 1348 1540 in
1377 1501 1534 1552 quibus,
1557 1516 1598 1539 20

191 1567 300 1615 quod
316 1565 428 1616 quasi
441 1566 625 1605 virtutem
642 1566 812 1605 maxime
833 1565 1040 1617 significat,
1056 1566 1241 1605 facillime
1260 1567 1387 1606 forma
1405 1568 1538 1606 lauda-

152 1640 261 1677 :tun
323 1631 481 1671 Deinde
515 1640 574 1671 est
607 1633 659 1671 ad
693 1633 797 1671 facta
824 1631 1080 1680 veniendum,
1114 1645 1283 1683 quorum
1313 1632 1537 1672 conlocatio

190 1696 328 1747 triplex
357 1705 441 1736 est:
471 1705 539 1736 aut
567 1693 674 1736 enim
704 1705 929 1748 temporum
957 1699 1172 1737 servandus
1198 1699 1298 1737 ordo
1323 1705 1383 1737 est
1407 1705 1476 1737 aut
1495 1698 1536 1736 in

190 1761 326 1812 primis
346 1762 661 1801 recentissimum
682 1762 860 1814 quidque
881 1762 1097 1802 dicendum
1117 1770 1186 1802 aut
1215 1765 1339 1803 multa
1365 1771 1404 1803 et
1429 1763 1536 1803 varia

190 1829 292 1866 facta
318 1827 357 1866 in
387 1828 546 1879 propria
571 1828 757 1867 virtutum
788 1842 933 1879 genera
958 1836 1050 1867 sunt
1076 1828 1301 1879 digerenda.
1361 1830 1441 1869 Sed
1469 1829 1534 1868 hic
1555 1842 1594 1875 25

190 1895 300 1932 locus
338 1893 526 1932 virtutum
556 1902 677 1945 atque
709 1894 893 1934 vitiorum
924 1894 1112 1934 latissime
1144 1902 1284 1946 patens
1317 1909 1365 1934 ex
1402 1894 1536 1935 multis

192 1967 230 1998 et
261 1959 376 1998 variis
415 1959 751 2010 disputationibus
790 1974 898 2000 nunc
931 1959 971 1999 in
1010 1961 1211 2011 quandam
1250 1967 1459 2011 angustam
1497 1968 1536 2000 et

132 2033 172 2075 76
193 2024 352 2063 brevem
387 2026 660 2064 concludetur.
718 2027 790 2064 Est
827 2025 943 2077 igitur
979 2025 1036 2065 vis
1070 2025 1222 2064 virtutis
1255 2027 1425 2076 duplex:
1467 2034 1535 2065 aut

191 2090 298 2129 enim
328 2090 492 2129 scientia
520 2091 692 2130 cernitur
719 2091 840 2130 virtus
869 2099 937 2130 aut
962 2091 1130 2131 actione.
1190 2093 1294 2130 Nam
1322 2105 1424 2143 quae
1447 2105 1534 2143 pru-

192 2155 341 2204 dentia,
361 2169 462 2206 quae
483 2155 676 2195 calliditas
697 2169 880 2207 quaeque
907 2156 1138 2208 gravissimo
1159 2156 1322 2196 nomine
1342 2156 1534 2207 sapientia
1555 2169 1596 2200 3ο

241 2270 254 2289 1
282 2260 315 2290 in
333 2260 383 2290 eis
398 2265 518 2291 ornata
533 2260 688 2291 oratione
705 2264 739 2291 et
755 2259 919 2292 Fn‘edrr'ch
934 2272 942 2291 τ
969 2261 1021 2291 eis
1037 2261 1071 2291 in
1088 2260 1240 2292 oratione
1256 2260 1346 2302 vulg.
1365 2260 1414 2302 (in
1433 2260 1473 2292 iis
1488 2260 1535 2303 P)

196 2315 214 2342 4
240 2308 273 2335 et
301 2304 335 2334 in
363 2304 438 2344 ipsa
462 2303 552 2335 codd.
580 2304 653 2335 dett.
809 2315 848 2335 10
871 2315 959 2344 quae
983 2315 1049 2336 om.
1074 2304 1109 2335 P
1249 2314 1287 2344 15
1311 2304 1448 2336 externi
1470 2329 1478 2337 .
1498 2328 1506 2336 .
1527 2329 1535 2336 .

196 2348 300 2378 animi
320 2347 380 2378 del.
404 2347 562 2388 Sauppe:
594 2348 748 2379 externis
771 2348 862 2379 codd.
885 2348 960 2380 dett.
1097 2358 1136 2389 19
1159 2348 1263 2379 tacito
1279 2347 1332 2380 P:
1363 2349 1472 2380 accito
1488 2349 1539 2379 vel

195 2391 301 2421 ascito
321 2390 444 2421 Piderit
589 2402 629 2422 21
656 2392 747 2431 quod
769 2392 866 2432 quasi
889 2393 978 2433 vulg.
996 2403 1004 2423 :
1027 2392 1108 2432 quid
1123 2391 1175 2423 P:
1201 2392 1337 2432 quidem
1354 2391 1442 2424 codd.
1460 2391 1532 2424 dett.

197 2444 238 2474 25
264 2434 451 2474 digerenda
468 2433 677 2467 Lambinus:
702 2436 881 2475 dirigenda
897 2435 987 2468 codd.
