1696 2730
731 158 944 200 TOPICA
1469 169 1497 209 4

167 269 496 309 antecedentibus
523 276 658 309 autem
687 277 726 308 et
755 270 1093 322 consequentibus
1122 278 1161 311 et
1187 270 1498 322 repugnantibus

167 332 246 371 hoc
276 333 399 372 modo
412 346 424 382 3
464 332 517 371 ab
549 332 902 372 antecedentibus:
945 332 986 372 Si
1014 332 1085 372 viri
1113 334 1231 385 culpa
1262 334 1411 372 factum
1440 340 1499 372 est

168 396 392 446 divortium,
424 397 497 437 etsi
526 397 667 437 mulier
696 397 881 436 nuntium
911 397 1071 447 remisit,
1102 406 1235 438 tamen
1263 412 1336 450 pro
1365 398 1498 438 liberis

169 476 328 502 manere
354 462 451 502 nihil
478 470 644 514 oportet.
702 465 740 502 A
759 463 1121 515 consequentibus:
1166 464 1206 504 Si
1233 464 1383 513 mulier,
1405 478 1497 504 cum

130 543 148 574 5
167 527 305 567 fuisset
324 535 448 579 nupta
466 541 558 567 cum
579 542 628 568 eo
648 528 809 579 quicum
830 529 1048 568 conubium
1068 543 1150 568 non
1177 537 1290 577 esset,
1313 529 1497 569 nuntium

167 592 316 633 remisit
329 608 340 643 3
369 592 557 645 quoniam
585 593 653 645 qui
674 593 755 632 nati
776 601 868 633 sunt
893 602 1044 646 patrem
1072 608 1154 634 non
1174 602 1403 646 sequuntur,
1426 609 1497 646 pro

167 658 300 698 liberis
329 672 488 698 manere
516 659 615 698 nihil
643 667 808 711 oportet.
868 662 906 699 A
933 660 1267 711 repugnantibus:
1308 660 1349 700 Si
1375 667 1499 712 pater-

167 723 336 763 familias
373 723 484 764 uxori
521 724 751 764 ancillarum
791 739 907 764 usum
951 726 1123 765 fructum
1161 725 1303 777 legavit
1349 739 1373 765 a
1416 725 1498 765 filio

169 803 300 841 neque
322 803 346 829 a
371 790 550 830 secundo
576 791 722 830 herede
749 790 903 842 legavit,
926 798 1082 831 mortuo
1109 791 1190 831 filio
1216 790 1356 831 mulier
1381 804 1496 830 usum

111 867 152 892 10
168 856 339 894 fructum
360 868 441 894 non
469 855 633 895 amittet.
693 857 815 906 Quod
841 856 948 895 enim
975 858 1097 896 semel
1124 863 1362 896 testamento
1380 856 1499 895 alicui

168 921 307 960 datum
346 928 415 969 est,
450 921 492 961 id
533 921 585 961 ab
623 935 672 961 eo
702 921 826 961 invito
866 921 930 961 cui
968 923 1106 961 datum
1144 930 1204 962 est
1236 922 1378 962 auferri
1415 935 1497 961 non

168 993 310 1038 potest.
370 988 583 1038 Repugnat
603 987 709 1026 enim
739 995 844 1027 recte
863 986 1042 1038 accipere
1062 995 1100 1027 et
1126 987 1293 1027 invitum
1319 988 1494 1027 reddere.

169 1051 235 1091 Ab
254 1051 516 1091 efficientibus
531 1052 648 1091 rebus
664 1053 742 1092 hoc
762 1053 885 1092 modo
901 1068 908 1091 :
938 1052 1138 1093 Omnibus
1154 1060 1212 1092 est
1232 1052 1292 1092 ius
1307 1052 1496 1104 parietem

169 1115 362 1155 directum
393 1117 444 1156 ad
478 1116 667 1168 parietem
697 1131 953 1156 communem
983 1117 1198 1169 adiungere
1230 1119 1292 1157 vel
1325 1117 1497 1158 solidum

0 1170 23 1213 ,ζ
111 1195 150 1228 ¹⁵
169 1183 231 1221 vel
251 1181 498 1221 fornicatum,
557 1183 637 1221 Sed
667 1182 736 1233 qui
764 1182 804 1221 in
833 1182 981 1234 pariete
1009 1183 1215 1222 communi
1241 1183 1498 1223 demoliendo

169 1246 306 1285 damni
343 1246 478 1286 infecti
523 1247 755 1298 promiserit,
804 1261 887 1287 non
931 1248 1094 1288 debebit
1135 1256 1342 1299 praestare,
1388 1250 1498 1300 quod

1519 175 1559 212 ¹9

1519 480 1560 503 20

1519 673 1556 697 21

169 1311 297 1351 fornix
329 1311 399 1351 viti
435 1312 581 1352 fecerit.
653 1314 748 1352 Non
786 1312 892 1353 enim
931 1313 1015 1353 eius
1053 1313 1149 1353 vitio
1179 1313 1247 1364 qui
1285 1314 1497 1353 demolitus
1543 1343 1547 1346 -

169 1384 229 1417 est
261 1378 453 1417 damnum
491 1379 638 1417 factum
678 1385 747 1426 est,
784 1379 856 1418 sed
892 1378 976 1418 eius
1014 1378 1143 1429 operis
1172 1378 1267 1418 vitio
1301 1380 1410 1431 quod
1443 1378 1498 1418 ita

169 1442 420 1482 aedificatum
441 1451 510 1491 est,
532 1450 576 1482 ut
599 1443 789 1495 suspendi
811 1457 893 1482 non
919 1451 1064 1495 posset.
1123 1444 1188 1484 Ab
1208 1444 1356 1484 effectis
1379 1445 1496 1484 rebus

6 1496 53 1558 {f
109 1521 152 1545 ao
169 1508 247 1547 hoc
276 1509 422 1547 modo:
462 1509 567 1548 Cum
596 1508 736 1548 mulier
759 1508 842 1548 viro
870 1508 911 1547 in
949 1523 1112 1548 manum
1143 1509 1341 1558 convenit,
1363 1509 1499 1549 omnia

168 1586 270 1624 quae
308 1573 482 1612 mulieris
523 1575 681 1613 fuerunt
711 1573 782 1612 viri
808 1575 908 1613 fiunt
934 1574 1038 1614 dotis
1068 1574 1240 1614 nomine.
1301 1577 1361 1614 Ex
1393 1589 1499 1614 com-

167 1638 371 1689 paratione
413 1646 546 1678 autern
589 1638 724 1678 omnia
760 1641 892 1678 valent
930 1653 1033 1690 quae
1075 1647 1167 1679 sunt
1206 1640 1322 1679 huius
1363 1640 1496 1680 modi:

167 1705 291 1754 Quod
324 1703 364 1742 in
398 1717 439 1743 re
470 1704 618 1743 maiore
650 1705 753 1744 valet
781 1706 908 1744 valeat
941 1704 982 1743 in
1017 1703 1090 1758 [re]
1130 1705 1292 1753 minore,
1324 1713 1367 1745 ut
1395 1705 1428 1744 si
1456 1705 1497 1745 in

167 1769 265 1809 urbe
284 1770 383 1808 fines
404 1783 485 1809 non
515 1778 712 1821 reguntur,
734 1783 809 1809 nec
834 1783 938 1821 aqua
958 1769 998 1808 in
1024 1770 1122 1810 urbe
1146 1778 1333 1810 arceatur.
1393 1773 1496 1811 Item

110 1846 150 1879 25
168 1842 329 1874 contra:
369 1835 493 1884 Quod
527 1834 568 1873 in
600 1834 754 1874 minore
787 1836 901 1883 valet,
935 1837 1063 1874 valeat
1095 1835 1136 1874 in
1167 1835 1326 1875 maiore.
1385 1835 1498 1876 Licet

167 1899 273 1940 idem
295 1902 519 1951 exemplum
547 1908 785 1940 convertere.
846 1902 973 1940 Item:
1006 1901 1128 1950 Quod
1151 1900 1192 1939 in
1212 1915 1253 1940 re
1278 1900 1362 1953 pari
1380 1903 1495 1950 valet,

167 1966 293 2004 valeat
320 1964 360 2004 in
390 1967 464 2004 hac
493 1979 596 2016 quae
625 1979 694 2017 par
722 1973 781 2006 est
796 1981 806 2014 3
834 1973 901 2005 ut:
931 1965 1134 2016 Quoniam
1163 1979 1257 2005 usus
1285 1966 1497 2006 auctoritas

167 2027 280 2067 fundi
310 2027 515 2067 biennium
546 2036 615 2076 est,
648 2028 697 2067 sit
725 2028 843 2068 etiam
875 2028 1048 2068 aedium.
1106 2031 1160 2068 At
1192 2028 1233 2067 in
1263 2030 1349 2080 lege
1377 2030 1497 2068 aedes

167 2106 248 2132 non
277 2095 525 2144 appellantur
544 2101 583 2133 et
602 2102 694 2133 sunt
722 2102 939 2134 ceterarum
968 2108 1096 2134 rerum
1123 2094 1303 2134 omnium
1329 2108 1496 2146 quarum

109 2173 151 2206 30
166 2171 322 2198 annuus
352 2166 412 2198 est
440 2172 544 2198 usus.
603 2161 746 2198 Valeat
773 2159 963 2210 aequitas,
986 2173 1088 2210 quae
1115 2159 1274 2210 paribus
1301 2159 1341 2198 in
1368 2159 1496 2199 causis

167 2223 275 2275 paria
293 2223 377 2263 iura
396 2223 604 2264 desiderat.
665 2226 780 2274 Quae
799 2232 933 2264 autem
952 2226 1216 2264 adsumuntur
1241 2224 1493 2274 extrinsecus,

213 2337 252 2359 12
275 2332 444 2368 repugnat
461 2327 492 2360 Ο
505 2339 516 2359 =
539 2333 669 2370 pugnat
685 2328 774 2361 codd.
889 2338 929 2369 19
952 2329 1062 2369 possit
1073 2328 1152 2370 Abs
1252 2339 1293 2369 23
1317 2339 1354 2360 re
1363 2329 1498 2361 minore

169 2369 270 2402 OLV
393 2381 434 2411 24
458 2377 623 2410 reguntur
640 2372 692 2404 O:
717 2377 881 2413 regantur
905 2372 994 2405 codd.
1139 2383 1179 2413 27
1204 2383 1291 2413 quae
1306 2382 1370 2414 par
1383 2372 1472 2405 codd.
1487 2383 1496 2405 z

167 2415 225 2455 qui
241 2424 304 2455 par
318 2415 371 2446 B:
393 2416 474 2455 quoi
490 2426 552 2456 par
567 2416 737 2447 Buecheler
899 2417 941 2448 28
967 2418 1014 2460 <at
1031 2416 1066 2448 in
1083 2416 1160 2457 lege
1176 2417 1279 2449 aedes
1295 2427 1363 2448 non
1379 2415 1498 2458 appel-

166 2458 294 2500 lantur)
312 2463 347 2490 et
363 2464 551 2491 ceterarum
567 2459 710 2502 Madvig

1517 1458 1559 1491 ²3

1518 2239 1560 2274 24
