1630 2730
113 159 169 199 39
189 155 252 197 146
554 152 612 191 M.
643 153 813 191 TVLLI
844 152 1154 192 CICERONIS

109 261 166 298 40
182 263 440 305 admirandus
460 272 600 304 orator.
658 266 809 304 Verum
828 266 880 304 ad
894 266 1082 305 Crassum
1101 272 1351 304 revertamur.
1410 265 1517 303 Tum

103 322 162 354 ¹47
183 333 351 370 Brutus:
384 330 469 369 Etsi
500 330 604 379 satis,
636 330 780 381 inquit,
809 330 907 369 mihi
937 330 1100 370 videbar
1133 330 1279 370 habere
1312 329 1518 381 cognitum

183 398 414 436 Scaevolam
435 410 482 435 ex
502 396 558 435 eis
578 396 695 435 rebus
716 410 814 447 quas
841 396 1054 436 audiebam
1075 409 1193 447 saepe
1219 409 1267 434 ex
1287 397 1332 436 C.
1351 395 1514 443 Rutilio,

182 475 263 513 quo
292 462 432 501 utebar
461 469 620 512 propter
650 461 953 500 familiaritatem
988 463 1200 500 Scaevolae
1226 460 1360 509 nostri,
1383 468 1519 500 tamen

182 527 256 566 ista
277 527 374 566 mihi
393 527 478 566 eius
498 527 659 566 dicendi
679 534 788 566 tanta
807 529 891 566 laus
912 534 1007 565 nota
1033 540 1115 566 non
1142 534 1223 565 erat
1237 541 1247 575 3
1276 525 1410 577 itaque
1430 525 1519 577 cepi
1536 537 1554 570 5

182 595 425 644 voluptatem
446 601 527 631 tam
548 600 731 631 ornatum
757 593 884 631 virum
914 600 1075 643 tamque
1096 594 1292 631 excellens
1315 591 1520 643 ingenium

104 670 164 710 148
182 659 303 698 fuisse
323 659 364 697 in
380 666 514 697 nostra
532 672 573 697 re
593 658 764 709 publica.
825 658 907 697 Hic
927 671 1001 708 ego
1018 673 1025 696 :
1056 657 1164 706 Noli,
1183 657 1359 708 inquam,
1384 659 1516 706 Brute,

183 724 405 765 existimare
438 724 499 762 his
533 724 692 763 duobus
725 723 941 774 quicquam
975 723 1095 762 fuisse
1125 723 1166 762 in
1200 731 1334 762 nostra
1362 722 1521 763 civitate

183 790 456 841 praestantius.
518 791 623 828 Nam
643 796 687 828 ut
706 791 825 840 paulo
845 796 937 828 ante
961 788 1042 827 dixi
1062 790 1334 828 consultorum
1354 790 1521 828 alterurn

183 855 500 905 disertissimum,
537 855 773 895 disertorum
811 856 976 893 alterum
1011 854 1350 894 consultissimum
1388 854 1519 904 fuisse,
1543 870 1583 893 10

184 921 300 960 sicin
321 921 479 972 reliquis
500 921 617 960 rebus
643 920 697 959 ita
723 919 934 959 dissimiles
964 927 1075 959 erant
1103 919 1205 959 inter
1233 933 1334 969 sese,
1353 927 1523 960 statuere

184 994 227 1025 ut
247 994 381 1025 tamen
405 1000 487 1026 non
508 999 657 1037 posses,
679 985 803 1024 utrius
824 993 862 1024 te
892 987 1029 1024 malles
1056 985 1296 1024 similiorem.
1357 986 1523 1026 Crassus

183 1059 265 1090 erat
295 1051 534 1101 elegantium
563 1051 826 1102 parcissimus,
849 1052 1038 1090 Scaevola
1057 1064 1266 1102 parcorum
1287 1050 1524 1102 elegantissi-

185 1130 273 1156 mus
288 1131 298 1165 3
328 1118 493 1157 Crassus
514 1117 554 1155 in
575 1131 732 1156 summa
754 1116 942 1156 comitate
969 1117 1144 1156 habebat
1167 1116 1286 1156 etiam
1306 1116 1523 1156 severitatis

185 1182 289 1231 satis,
331 1184 543 1222 Scaevolae
589 1185 713 1221 multa
761 1182 802 1221 in
840 1182 1046 1222 severitate
1091 1196 1174 1222 non
1215 1183 1350 1222 deerat
1388 1190 1523 1222 tamen
1543 1195 1582 1229 ¹5

104 1262 165 1295 149
185 1248 362 1288 comitas.
441 1248 554 1287 Licet
592 1248 726 1287 omnia
764 1250 842 1287 hoc
881 1249 1028 1297 modo3
1071 1249 1142 1287 sed
1175 1261 1312 1287 vereor
1349 1261 1400 1287 ne
1429 1247 1525 1299 fingi

184 1313 393 1352 videantur
423 1314 533 1361 haec,
562 1321 606 1352 ut
639 1313 822 1352 dicantur
854 1327 878 1352 a
910 1327 975 1353 me
1004 1314 1182 1364 quodam
1216 1315 1339 1353 modo
1353 1329 1366 1363 3
1393 1327 1453 1353 res
1479 1327 1523 1353 se

184 1387 317 1417 tamen
348 1378 404 1417 sic
433 1379 564 1418 habet.
625 1380 729 1419 Cum
759 1379 889 1418 omnis
918 1378 1039 1418 virtus
1068 1379 1128 1428 sit,
1154 1387 1198 1418 ut
1226 1387 1363 1427 vestra,
1387 1381 1520 1428 Brute,

184 1452 297 1483 vetus
317 1445 537 1483 Academia
557 1444 664 1492 dixit,
688 1444 950 1493 mediocritas,
974 1453 1141 1496 uterque
1169 1446 1313 1484 horum
1343 1445 1521 1484 medium

185 1509 379 1561 quiddam
405 1510 564 1549 volebat
591 1509 703 1560 sequi
718 1524 728 1559 3
759 1511 831 1549 sed
851 1509 905 1549 ita
924 1511 1093 1549 cadebat
1113 1518 1156 1549 ut
1179 1512 1276 1549 alter
1295 1524 1343 1550 ex
1361 1510 1520 1550 alterius
1542 1525 1585 1548 20

105 1591 168 1624 150
184 1577 304 1615 laude
332 1583 495 1626 partem,
518 1583 684 1626 uterque
715 1583 848 1614 autem
884 1589 996 1614 suam
1027 1583 1151 1615 totam
1182 1577 1356 1616 haberet.
1415 1578 1523 1615 Tum

187 1644 354 1681 Brutus:
397 1642 501 1681 Cum
536 1655 582 1680 ex
621 1649 688 1680 tua
726 1641 904 1681 oratione
938 1641 1035 1680 mihi
1066 1642 1214 1690 videor,
1247 1642 1387 1693 inquit,
1422 1643 1525 1682 bene

187 1708 375 1747 Crassum
407 1714 446 1746 et
477 1708 709 1746 Scaevolam
743 1707 988 1758 cognovisse,
1026 1715 1110 1746 tum
1142 1709 1193 1747 de
1224 1715 1263 1747 te
1294 1715 1333 1747 et
1361 1708 1412 1747 de
1442 1709 1522 1747 Ser.

186 1772 362 1823 Sulpicio
386 1772 563 1823 cogitans
591 1786 677 1812 esse
703 1774 906 1823 quandam
935 1773 1048 1812 vobis
1078 1786 1170 1812 cum
1199 1773 1274 1812 illis
1304 1772 1524 1812 similitudi-

186 1851 279 1877 nem
310 1837 455 1876 iudico.
515 1839 715 1888 Quonam,
745 1838 919 1889 inquam,
951 1838 1052 1877 istuc
1082 1840 1234 1878 modo?
1290 1838 1396 1888 Quia
1425 1838 1523 1877 mihi
1544 1851 1582 1884 ²5

186 1911 224 1942 et
246 1910 288 1942 tu
308 1902 462 1951 videris,
485 1902 623 1954 inquit,
647 1911 802 1943 tantum
822 1903 916 1943 iuris
940 1903 1064 1943 civilis
1094 1904 1192 1943 scire
1212 1903 1384 1943 voluisse
1403 1917 1526 1955 quan-

186 1976 272 2007 tum
317 1967 410 2006 satis
455 1976 558 2007 esset
599 1969 754 2017 oratori,
795 1976 834 2008 et
879 1969 1035 2009 Servius
1074 1969 1325 2020 eloquentiae
1369 1977 1525 2008 tantum

186 2033 447 2084 assumpsisse
481 2041 524 2072 ut
557 2034 616 2073 ius
655 2034 768 2074 civile
806 2034 920 2074 facile
959 2043 1092 2086 posset
1111 2035 1255 2088 >tueri3
1295 2042 1526 2086 aetatesque

122 2130 169 2166 41
186 2106 348 2146 vestrae,
384 2106 428 2138 ut
458 2099 625 2148 illorum,
662 2100 760 2138 nihil
791 2108 860 2140 aut
890 2114 971 2140 non
1010 2102 1090 2140 fere
1124 2102 1295 2140 multum
1325 2101 1522 2140 differunt.

109 2190 167 2222 151
189 2167 241 2204 Et
260 2178 334 2215 ego
351 2180 358 2203 z
390 2167 452 2204 De
474 2179 549 2213 me,
566 2165 742 2216 inquam,
760 2166 893 2206 dicere
913 2166 1011 2205 nihil
1031 2174 1091 2206 est
1110 2180 1272 2206 necesse
1286 2181 1298 2216 ,-
1326 2167 1378 2206 de
1391 2166 1527 2206 Servio
1546 2179 1587 2212 30

232 2279 252 2299 2
276 2270 386 2309 inquit
403 2281 469 2302 om.
490 2270 608 2301 BHM
671 2270 789 2302 haberi
806 2270 836 2301 L
970 2282 991 2311 3
1016 2271 1070 2302 his
1086 2270 1116 2301 L
1235 2281 1255 2310 4
1279 2270 1399 2302 utebar
1413 2270 1525 2312 vulg-2

190 2313 348 2344 utebatur
368 2313 422 2344 L:
454 2314 633 2345 utebamur
660 2315 821 2346 Gebhart:
855 2325 924 2354 quo
947 2315 1105 2346 utebatur
1131 2314 1406 2355 perfamiliariter
1430 2314 1526 2355 (per-

188 2367 288 2396 quam
306 2357 516 2388 familiariter
531 2357 715 2399 Eberhard)
733 2359 909 2399 Scaevola,
930 2364 965 2390 ut
982 2360 1072 2390 nosti
1089 2359 1220 2400 Kayser
1343 2359 1385 2389 28
1409 2362 1527 2398 posset

189 2400 256 2432 cod.
277 2401 355 2433 det.:
379 2402 487 2441 possit
503 2402 532 2432 L
666 2413 708 2443 29
732 2403 820 2433 nihil
837 2403 909 2434 sere
926 2409 983 2434 aut
1001 2413 1071 2434 non
1088 2403 1229 2434 multum
1245 2401 1390 2444 Madvig
