1630 2730
704 151 923 191 BRVTVS
1440 160 1484 200 71

152 264 322 304 Caesare
358 270 398 302 et
431 263 634 311 Marcello,
668 262 847 302 audirem
885 275 968 302 non
1006 261 1137 300 minus
1167 261 1335 301 libenter
1363 275 1483 313 quarn

151 328 284 368 audivi
320 330 372 368 de
410 328 466 368 eis
504 327 573 379 qui
605 329 786 367 fuerunt.'
841 328 924 368 Cur
960 329 1156 367 tandem?
1202 326 1394 378 inquam3
1432 341 1484 366 an

151 401 354 445 exspectas
374 393 471 445 quid
494 407 568 445 ego
591 393 766 433 iudicem
787 394 838 432 de
852 392 946 440 istis,
963 392 1031 443 qui
1050 392 1123 432 tibi
1142 400 1234 431 sunt
1252 406 1379 443 aeque
1399 393 1484 432 noti

151 473 198 499 ac
213 459 340 498 mihi?
377 458 482 498 Mihi
501 472 565 498 me
584 459 754 506 hercule,
770 458 910 509 inquit,
929 459 1141 498 Marcellus
1162 457 1255 497 satis
1274 465 1334 497 est
1352 466 1481 505 notus,

115 537 132 568 5
152 525 298 565 Caesar
328 532 462 564 autem
492 537 632 575 pamm
645 538 658 572 ,-
683 523 794 562 illum
826 523 933 563 enim
964 536 1082 574 saepe
1109 523 1253 571 audivi,
1285 523 1360 571 hic,
1391 537 1484 562 cum

151 603 225 641 ego
248 589 422 629 iudicare
446 589 525 628 iarn
550 588 700 640 aliquid
719 602 893 639 possem,
911 588 1019 628 afuit.
1078 588 1188 638 Quid
1208 588 1323 639 igitur
1342 590 1393 628 de
1417 588 1486 628 illo

151 655 314 703 iudicas,
331 657 504 705 inquam,
524 667 644 706 quem
664 667 781 705 saepe
793 654 1008 693 audivisti?
1047 653 1157 704 Quid
1175 667 1324 701 censes,
1343 653 1482 705 inquit,

151 719 228 759 nisi
238 720 294 769 id,
306 722 416 771 quod
431 719 635 760 habiturus
647 733 689 759 es
701 719 871 758 similem
883 719 970 758 tui?
1009 721 1072 758 Ne
1085 733 1170 770 ego,
1187 719 1362 770 inquam,
1381 719 1413 758 si
1431 719 1486 758 ita

153 793 222 832 est,
244 785 363 825 velim
389 785 462 824 tibi
485 798 577 824 eum
604 786 760 836 placere
780 798 900 835 quam
921 786 1101 824 maxime.
1144 784 1268 835 Atqui
1281 792 1320 823 et
1339 784 1394 823 ita
1413 792 1482 833 est,

96 863 136 886 10
153 849 292 901 inquit,
320 859 360 889 et
385 852 640 890 vehementer
666 852 795 901 placet
809 865 820 900 3
853 864 927 889 nec
955 864 1048 890 vero
1077 850 1161 889 sine
1189 863 1319 889 causa.
1379 851 1485 888 Nam

30 907 34 914 ξ
153 923 193 955 et
221 915 361 955 didicit
391 923 430 955 et
458 915 613 956 omissis
647 915 786 955 ceteris
818 916 958 955 studiis
988 929 1113 954 unum
1143 915 1185 954 id
1213 915 1291 966 egit
1320 928 1486 966 seseque

153 980 363 1020 cotidianis
388 980 792 1020 commentationibus
821 980 1008 1020 acerrime
1039 980 1222 1020 exercuit.
1282 982 1424 1031 Itaque
1447 987 1486 1019 et

152 1045 264 1086 lectis
297 1046 419 1085 utitur
447 1046 576 1086 verbis
613 1054 653 1086 et
680 1046 952 1097 frequentibus
984 1047 1179 1085 sententiis
1206 1054 1246 1086 et
1275 1047 1487 1097 splendore

155 1111 264 1151 vocis
299 1117 339 1150 et
371 1111 561 1162 dignitate
599 1119 730 1151 motus
773 1113 816 1150 fit
852 1111 1077 1162 speciosum
1111 1119 1150 1150 et
1182 1111 1345 1150 inlustre
1376 1112 1486 1162 quod

15 1202 34 1216 ‹
97 1190 137 1223 15
155 1177 263 1226 dicit,
284 1177 499 1228 omniaque
525 1176 582 1216 sic
608 1185 838 1228 suppetunt,
850 1185 893 1216 ut
913 1177 950 1216 ei
975 1178 1124 1216 nullam
1144 1178 1283 1216 deesse
1302 1176 1486 1215 virtutem

154 1243 318 1282 oratoris
337 1251 474 1294 putem
487 1258 499 1292 3
522 1241 772 1293 maximeque
787 1244 1010 1282 laudandus
1030 1250 1099 1290 est,
1115 1242 1183 1293 qui
1202 1244 1280 1281 hoc
1308 1249 1487 1292 tempore

153 1308 251 1360 ipso,
282 1310 392 1359 quod
425 1308 541 1347 liceat
571 1307 612 1346 in
649 1309 727 1347 hoc
760 1307 965 1347 communi
996 1315 1133 1347 nostro
1166 1315 1206 1346 et
1235 1306 1348 1358 quasi
1379 1306 1488 1345 fatali

157 1375 273 1422 malo,
298 1375 526 1413 consoletur
553 1386 596 1413 se
629 1386 720 1412 cum
752 1372 997 1413 conscientia
1025 1372 1199 1424 optimae
1228 1372 1372 1411 mentis
1401 1379 1487 1411 tum

156 1439 275 1478 etiam
313 1438 567 1490 usurpatione
605 1446 645 1478 et
681 1438 937 1478 renovatione
979 1438 1193 1478 doctrinae.
1252 1437 1347 1477 Vidi
1380 1437 1487 1476 enim

98 1519 140 1543 20
158 1504 360 1554 Mytilenis
398 1517 524 1555 nuper
555 1504 683 1543 virum
719 1512 849 1554 atque,
882 1511 926 1543 ut
963 1503 1055 1552 dixi,
1086 1503 1169 1542 vidi
1202 1505 1319 1555 plane
1347 1502 1485 1541 virum.

157 1570 299 1620 Itaque
331 1583 423 1608 cum
457 1583 549 1608 eum
585 1577 703 1609 antea
735 1569 793 1608 tui
825 1569 996 1608 similem
1028 1569 1071 1607 in
1102 1568 1275 1608 dicendo
1308 1567 1485 1616 viderim,

155 1642 240 1673 tum
266 1648 358 1674 vero
387 1648 495 1674 nunc
519 1648 543 1673 a
567 1634 799 1674 doctissimo
824 1634 907 1673 viro
933 1634 1096 1685 tibique,
1118 1642 1161 1673 ut
1185 1633 1370 1680 intellexi,
1395 1632 1490 1671 ami-

155 1699 316 1739 cissimo
347 1699 537 1751 Cratippo
568 1699 804 1738 instructum
842 1699 952 1739 omni
989 1698 1105 1750 copia
1143 1699 1269 1737 multo
1301 1698 1487 1737 videbam

157 1764 396 1804 similiorem.
455 1764 537 1804 Hic
563 1778 660 1815 ego:
696 1765 791 1812 Etsi,
812 1765 986 1816 inquam,
1013 1765 1064 1804 de
1094 1763 1235 1815 optimi
1259 1763 1330 1802 viri
1358 1762 1490 1802 nobis-

99 1847 138 1879 25
157 1843 236 1881 que
263 1829 492 1869 amicissimi
525 1829 709 1869 laudibus
739 1829 907 1870 libenter
938 1829 1070 1877 audio,
1098 1837 1233 1868 tamen
1261 1828 1418 1868 incurro
1446 1828 1489 1866 in

157 1895 389 1934 memoriam
431 1895 706 1935 communium
746 1895 1001 1946 miseriarum,
1040 1908 1206 1945 quarum
1246 1893 1489 1933 oblivionem

157 1973 349 2011 quaerens
376 1963 483 2000 hunc
508 1961 639 2012 ipsum
668 1974 891 2000 sermonem
916 1959 1086 2012 produxi
1108 1959 1274 2010 longius.
1333 1960 1412 1998 Sed
1438 1960 1489 1998 de

158 2026 327 2066 Caesare
345 2026 465 2078 cupio
482 2026 620 2066 audire
638 2026 735 2078 quid
754 2027 916 2066 tandem
936 2025 1093 2065 Atticus
1111 2024 1270 2064 iudicet.
1329 2026 1381 2063 Et
1400 2024 1465 2064 ille
1482 2041 1488 2064 :

159 2092 372 2139 Praeclare,
397 2091 536 2143 inquit,
559 2091 631 2131 tibi
654 2100 823 2140 constas,
845 2099 889 2131 ut
909 2093 960 2131 de
979 2090 1035 2130 eis
1062 2090 1130 2142 qui
1154 2104 1260 2130 nunc
1290 2089 1368 2129 sint
1390 2090 1489 2128 nihil

98 2174 141 2206 30
157 2156 254 2196 velis
282 2157 366 2208 ipse
394 2157 526 2197 dicere
540 2172 552 2207 5
583 2165 623 2197 et
646 2159 804 2197 hercule
834 2156 867 2196 si
897 2156 953 2196 sic
983 2170 1128 2208 ageres,
1149 2164 1193 2195 ut
1219 2157 1270 2195 de
1290 2155 1346 2195 eis
1377 2155 1490 2206 egisti

202 2262 224 2292 6
250 2261 312 2292 iam
330 2272 396 2294 om.
414 2261 527 2294 BHM
621 2271 639 2302 7
665 2262 801 2302 inquam
818 2261 895 2293 add.
908 2261 1004 2300 Jahn
1092 2261 1113 2292 8
1139 2261 1186 2302 (id
1203 2261 1294 2301 quod
1310 2261 1490 2300 agniturus

160 2306 212 2344 es)
231 2304 372 2346 Madvng
472 2316 493 2346 9
515 2306 608 2346 atqui
624 2306 712 2347 vulg.
731 2317 737 2338 :
763 2310 866 2345 atque
884 2305 912 2335 L
1036 2314 1075 2345 13
1097 2305 1279 2336 sententiis
1301 2304 1374 2336 add.
1391 2304 1488 2343 Jalm

158 2354 269 2424 anet:
286 2349 368 2424 tglltrin
382 2349 472 2422 τῖιΙὲ.
667 2360 705 2390 15
730 2350 811 2381 dicit
830 2349 950 2381 Orelli:
973 2349 1094 2381 dicitur
1107 2347 1138 2379 L
1336 2358 1373 2388 17
1397 2348 1488 2388 quod

1506 158 1566 200 248

1506 538 1567 571 249

1507 991 1569 1024 250

1510 1781 1570 1812 251

1508 2028 1558 2068 72
