<?xml version="1.0" encoding="UTF-8"?>
<!DOCTYPE html PUBLIC "-//W3C//DTD XHTML 1.0 Transitional//EN"
    "http://www.w3.org/TR/xhtml1/DTD/xhtml1-transitional.dtd">
<html xmlns="http://www.w3.org/1999/xhtml" xml:lang="en" lang="en">
 <head>
  <title>
</title>
<meta http-equiv="Content-Type" content="text/html;charset=utf-8" />
  <meta name='ocr-system' content='tesseract 3.04.00' />
  <meta name='ocr-capabilities' content='ocr_page ocr_carea ocr_par ocr_line ocrx_word'/>
</head>
<body>
  <div class='ocr_page' id='page_1' title='image "./rhetoricarecogno02ciceuoft_0177.png"; bbox 0 0 1696 2730; ppageno 0'>
   <div class='ocr_carea' id='block_1_1' title="bbox 681 154 1556 206">
    <p class='ocr_par' dir='ltr' id='par_1_1' title="bbox 681 154 1556 206">
     <span class='ocr_line' id='line_1_1' title="bbox 681 154 1556 206; baseline 0 -11"><span class='ocrx_word' id='word_1_1' title='bbox 681 155 919 195; x_wconf 89' lang='lat' dir='ltr'><strong>ORATOR-</strong></span> <span class='ocrx_word' id='word_1_2' title='bbox 1417 154 1472 205; x_wconf 74' lang='grc'><strong>48</strong></span> <span class='ocrx_word' id='word_1_3' title='bbox 1495 167 1556 206; x_wconf 78' lang='lat'><strong>¹59</strong></span> 
     </span>
    </p>
   </div>
   <div class='ocr_carea' id='block_1_2' title="bbox 86 265 1563 2158">
    <p class='ocr_par' dir='ltr' id='par_1_2' title="bbox 10 265 1563 2158">
     <span class='ocr_line' id='line_1_2' title="bbox 137 265 1472 316; baseline 0.001 -12"><span class='ocrx_word' id='word_1_4' title='bbox 137 273 258 316; x_wconf 89' lang='lat' dir='ltr'><strong>atque</strong></span> <span class='ocrx_word' id='word_1_5' title='bbox 283 265 406 313; x_wconf 89' lang='lat' dir='ltr'><strong>felice,</strong></span> <span class='ocrx_word' id='word_1_6' title='bbox 428 265 621 316; x_wconf 91' lang='lat' dir='ltr'><strong>producte</strong></span> <span class='ocrx_word' id='word_1_7' title='bbox 649 265 802 313; x_wconf 91' lang='lat' dir='ltr'><strong>dicitur,</strong></span> <span class='ocrx_word' id='word_1_8' title='bbox 825 265 866 304; x_wconf 90' lang='lat' dir='ltr'><strong>in</strong></span> <span class='ocrx_word' id='word_1_9' title='bbox 892 265 1031 305; x_wconf 89' lang='lat' dir='ltr'><strong>ceteris</strong></span> <span class='ocrx_word' id='word_1_10' title='bbox 1061 266 1247 306; x_wconf 89' lang='lat' dir='ltr'><strong>omnibus</strong></span> <span class='ocrx_word' id='word_1_11' title='bbox 1277 266 1472 316; x_wconf 83' lang='lat' dir='ltr'><strong>breviter3</strong></span> 
     </span>
     <span class='ocr_line' id='line_1_3' title="bbox 138 330 1473 381; baseline 0.002 -12"><span class='ocrx_word' id='word_1_12' title='bbox 138 330 313 381; x_wconf 87' lang='lat' dir='ltr'><strong>itemque</strong></span> <span class='ocrx_word' id='word_1_13' title='bbox 329 330 563 381; x_wconf 88' lang='lat' dir='ltr'>composuit,</span> <span class='ocrx_word' id='word_1_14' title='bbox 578 330 797 379; x_wconf 86' lang='lat' dir='ltr'><strong>consuevit,</strong></span> <span class='ocrx_word' id='word_1_15' title='bbox 809 330 1053 381; x_wconf 83' lang='lat' dir='ltr'>concrepuit,</span> <span class='ocrx_word' id='word_1_16' title='bbox 1068 331 1249 370; x_wconf 87' lang='lat' dir='ltr'>confecit.</span> <span class='ocrx_word' id='word_1_17' title='bbox 1295 333 1473 372; x_wconf 85' lang='lat' dir='ltr'>Consule</span> 
     </span>
     <span class='ocr_line' id='line_1_4' title="bbox 138 394 1473 447; baseline 0.003 -14"><span class='ocrx_word' id='word_1_18' title='bbox 138 394 365 434; x_wconf 89' lang='lat' dir='ltr'><strong>veritatem:</strong></span> <span class='ocrx_word' id='word_1_19' title='bbox 394 396 656 446; x_wconf 83' lang='lat' dir='ltr'><strong>reprehendet</strong></span> <span class='ocrx_word' id='word_1_20' title='bbox 668 410 679 444; x_wconf 82' lang='lat'>3</span> <span class='ocrx_word' id='word_1_21' title='bbox 701 397 801 435; x_wconf 89' lang='lat' dir='ltr'><strong>refer</strong></span> <span class='ocrx_word' id='word_1_22' title='bbox 813 397 865 435; x_wconf 89' lang='lat' dir='ltr'><strong>ad</strong></span> <span class='ocrx_word' id='word_1_23' title='bbox 880 395 1007 435; x_wconf 90' lang='lat' dir='ltr'><strong>auris:</strong></span> <span class='ocrx_word' id='word_1_24' title='bbox 1031 397 1268 447; x_wconf 88' lang='lat' dir='ltr'><strong>probabunt.</strong></span> <span class='ocrx_word' id='word_1_25' title='bbox 1315 398 1473 447; x_wconf 83' lang='lat' dir='ltr'><strong>Quaere</strong></span> 
     </span>
     <span class='ocr_line' id='line_1_5' title="bbox 139 460 1474 511; baseline 0.001 -12"><span class='ocrx_word' id='word_1_26' title='bbox 139 473 209 499; x_wconf 94' lang='lat' dir='ltr'><strong>cur</strong></span> <span class='ocrx_word' id='word_1_27' title='bbox 231 460 284 499; x_wconf 92' lang='lat' dir='ltr'><strong>ita</strong></span> <span class='ocrx_word' id='word_1_28' title='bbox 310 460 385 500; x_wconf 89' lang='lat' dir='ltr'><strong>sit:</strong></span> <span class='ocrx_word' id='word_1_29' title='bbox 414 460 549 500; x_wconf 89' lang='lat' dir='ltr'><strong>dicent</strong></span> <span class='ocrx_word' id='word_1_30' title='bbox 577 460 720 500; x_wconf 85' lang='lat' dir='ltr'><strong>iuvare.</strong></span> <span class='ocrx_word' id='word_1_31' title='bbox 778 461 985 511; x_wconf 88' lang='lat' dir='ltr'>Voluptati</span> <span class='ocrx_word' id='word_1_32' title='bbox 1013 469 1146 500; x_wconf 88' lang='lat' dir='ltr'><strong>autem</strong></span> <span class='ocrx_word' id='word_1_33' title='bbox 1175 462 1329 501; x_wconf 89' lang='lat' dir='ltr'><strong>aurium</strong></span> <span class='ocrx_word' id='word_1_34' title='bbox 1360 463 1474 502; x_wconf 92' lang='lat' dir='ltr'><strong>mori-</strong></span> 
     </span>
     <span class='ocr_line' id='line_1_6' title="bbox 102 525 1558 577; baseline 0.001 -14"><span class='ocrx_word' id='word_1_35' title='bbox 102 537 120 569; x_wconf 81' lang='lat'><strong>5</strong></span> <span class='ocrx_word' id='word_1_36' title='bbox 139 525 261 576; x_wconf 88' lang='lat' dir='ltr'><strong>gerari</strong></span> <span class='ocrx_word' id='word_1_37' title='bbox 281 526 401 565; x_wconf 92' lang='lat' dir='ltr'><strong>debet</strong></span> <span class='ocrx_word' id='word_1_38' title='bbox 421 525 556 565; x_wconf 91' lang='lat' dir='ltr'><strong>oratio.</strong></span> <span class='ocrx_word' id='word_1_39' title='bbox 615 526 724 576; x_wconf 86' lang='lat' dir='ltr'><strong>Quin</strong></span> <span class='ocrx_word' id='word_1_40' title='bbox 743 539 818 577; x_wconf 87' lang='lat' dir='ltr'><strong>ego</strong></span> <span class='ocrx_word' id='word_1_41' title='bbox 843 526 937 577; x_wconf 90' lang='lat' dir='ltr'><strong>ipse,</strong></span> <span class='ocrx_word' id='word_1_42' title='bbox 960 540 1052 565; x_wconf 94' lang='lat' dir='ltr'><strong>cum</strong></span> <span class='ocrx_word' id='word_1_43' title='bbox 1072 526 1212 566; x_wconf 90' lang='lat' dir='ltr'><strong>scirem</strong></span> <span class='ocrx_word' id='word_1_44' title='bbox 1233 527 1286 566; x_wconf 91' lang='lat' dir='ltr'><strong>ita</strong></span> <span class='ocrx_word' id='word_1_45' title='bbox 1307 528 1474 568; x_wconf 88' lang='lat' dir='ltr'><strong>maiores</strong></span> <span class='ocrx_word' id='word_1_46' title='bbox 1497 533 1558 565; x_wconf 91' lang='lat'><strong>160</strong></span> 
     </span>
     <span class='ocr_line' id='line_1_7' title="bbox 139 591 1476 643; baseline 0.002 -14"><span class='ocrx_word' id='word_1_47' title='bbox 139 592 294 630; x_wconf 92' lang='lat' dir='ltr'><strong>locutos</strong></span> <span class='ocrx_word' id='word_1_48' title='bbox 320 604 417 638; x_wconf 89' lang='lat' dir='ltr'><strong>esse,</strong></span> <span class='ocrx_word' id='word_1_49' title='bbox 439 598 482 629; x_wconf 93' lang='lat' dir='ltr'><strong>ut</strong></span> <span class='ocrx_word' id='word_1_50' title='bbox 508 604 704 642; x_wconf 85' lang='lat' dir='ltr'>nusquam</span> <span class='ocrx_word' id='word_1_51' title='bbox 733 591 810 630; x_wconf 90' lang='lat' dir='ltr'><strong>nisi</strong></span> <span class='ocrx_word' id='word_1_52' title='bbox 839 591 879 630; x_wconf 93' lang='lat' dir='ltr'><strong>in</strong></span> <span class='ocrx_word' id='word_1_53' title='bbox 899 592 1027 631; x_wconf 90' lang='lat' dir='ltr'><strong>vocali</strong></span> <span class='ocrx_word' id='word_1_54' title='bbox 1055 592 1293 643; x_wconf 85' lang='lat' dir='ltr'><strong>aspiratione</strong></span> <span class='ocrx_word' id='word_1_55' title='bbox 1323 602 1476 633; x_wconf 90' lang='lat' dir='ltr'><strong>uteren-</strong></span> 
     </span>
     <span class='ocr_line' id='line_1_8' title="bbox 140 655 1474 710; baseline 0.002 -16"><span class='ocrx_word' id='word_1_56' title='bbox 140 660 211 704; x_wconf 86' lang='lat' dir='ltr'>tur,</span> <span class='ocrx_word' id='word_1_57' title='bbox 234 656 425 706; x_wconf 86' lang='lat' dir='ltr'>loquebar</span> <span class='ocrx_word' id='word_1_58' title='bbox 443 655 509 703; x_wconf 87' lang='lat' dir='ltr'><strong>sic,</strong></span> <span class='ocrx_word' id='word_1_59' title='bbox 532 663 575 695; x_wconf 91' lang='lat' dir='ltr'><strong>ut</strong></span> <span class='ocrx_word' id='word_1_60' title='bbox 598 658 766 707; x_wconf 90' lang='lat' dir='ltr'><strong>pulcros,</strong></span> <span class='ocrx_word' id='word_1_61' title='bbox 790 657 975 707; x_wconf 86' lang='lat' dir='ltr'><strong>Cetegos,</strong></span> <span class='ocrx_word' id='word_1_62' title='bbox 995 657 1198 708; x_wconf 83' lang='lat' dir='ltr'><strong>triumpos,</strong></span> <span class='ocrx_word' id='word_1_63' title='bbox 1222 659 1474 710; x_wconf 84' lang='lat' dir='ltr'><strong>Cartaginem</strong></span> 
     </span>
     <span class='ocr_line' id='line_1_9' title="bbox 140 721 1476 773; baseline 0.001 -12"><span class='ocrx_word' id='word_1_64' title='bbox 140 721 332 770; x_wconf 79' lang='lat' dir='ltr'><strong>dicerem3</strong></span> <span class='ocrx_word' id='word_1_65' title='bbox 354 721 580 772; x_wconf 87' lang='lat' dir='ltr'><strong>aliquando,</strong></span> <span class='ocrx_word' id='word_1_66' title='bbox 598 721 720 773; x_wconf 89' lang='lat' dir='ltr'><strong>idque</strong></span> <span class='ocrx_word' id='word_1_67' title='bbox 735 735 836 771; x_wconf 88' lang='lat' dir='ltr'><strong>sero,</strong></span> <span class='ocrx_word' id='word_1_68' title='bbox 852 722 1033 761; x_wconf 87' lang='lat' dir='ltr'><strong>convicio</strong></span> <span class='ocrx_word' id='word_1_69' title='bbox 1047 723 1201 762; x_wconf 89' lang='lat' dir='ltr'><strong>aurium</strong></span> <span class='ocrx_word' id='word_1_70' title='bbox 1217 737 1309 762; x_wconf 92' lang='lat' dir='ltr'><strong>cum</strong></span> <span class='ocrx_word' id='word_1_71' title='bbox 1326 732 1476 763; x_wconf 87' lang='lat' dir='ltr'><strong>extorta</strong></span> 
     </span>
     <span class='ocr_line' id='line_1_10' title="bbox 142 786 1478 839; baseline 0.004 -15"><span class='ocrx_word' id='word_1_72' title='bbox 142 786 239 825; x_wconf 89' lang='lat' dir='ltr'><strong>mihi</strong></span> <span class='ocrx_word' id='word_1_73' title='bbox 271 786 412 825; x_wconf 89' lang='lat' dir='ltr'><strong>veritas</strong></span> <span class='ocrx_word' id='word_1_74' title='bbox 442 794 556 835; x_wconf 91' lang='lat' dir='ltr'><strong>esset,</strong></span> <span class='ocrx_word' id='word_1_75' title='bbox 587 800 703 826; x_wconf 91' lang='lat' dir='ltr'><strong>usum</strong></span> <span class='ocrx_word' id='word_1_76' title='bbox 731 787 924 838; x_wconf 90' lang='lat' dir='ltr'><strong>loquendi</strong></span> <span class='ocrx_word' id='word_1_77' title='bbox 951 789 1102 839; x_wconf 92' lang='lat' dir='ltr'><strong>populo</strong></span> <span class='ocrx_word' id='word_1_78' title='bbox 1131 789 1326 838; x_wconf 85' lang='lat' dir='ltr'><strong>concessi,</strong></span> <span class='ocrx_word' id='word_1_79' title='bbox 1353 790 1478 829; x_wconf 90' lang='lat' dir='ltr'><strong>scien-</strong></span> 
     </span>
     <span class='ocr_line' id='line_1_11' title="bbox 86 851 1475 902; baseline 0.003 -13"><span class='ocrx_word' id='word_1_80' title='bbox 86 851 236 890; x_wconf 76' lang='lat' dir='ltr'><strong>retiam</strong></span> <span class='ocrx_word' id='word_1_81' title='bbox 266 851 363 890; x_wconf 87' lang='lat' dir='ltr'><strong>mihi</strong></span> <span class='ocrx_word' id='word_1_82' title='bbox 392 852 595 891; x_wconf 85' lang='lat' dir='ltr'><strong>reservavi.</strong></span> <span class='ocrx_word' id='word_1_83' title='bbox 653 852 833 892; x_wconf 92' lang='lat' dir='ltr'><strong>Orcivios</strong></span> <span class='ocrx_word' id='word_1_84' title='bbox 862 860 995 892; x_wconf 89' lang='lat' dir='ltr'><strong>tamen</strong></span> <span class='ocrx_word' id='word_1_85' title='bbox 1022 860 1061 893; x_wconf 91' lang='lat' dir='ltr'><strong>et</strong></span> <span class='ocrx_word' id='word_1_86' title='bbox 1089 855 1286 902; x_wconf 88' lang='lat' dir='ltr'><strong>Matones,</strong></span> <span class='ocrx_word' id='word_1_87' title='bbox 1310 855 1475 902; x_wconf 90' lang='lat' dir='ltr'><strong>Otones,</strong></span> 
     </span>
     <span class='ocr_line' id='line_1_12' title="bbox 143 917 1479 971; baseline 0.001 -14"><span class='ocrx_word' id='word_1_88' title='bbox 143 917 378 968; x_wconf 87' lang='lat' dir='ltr'><strong>Caepiones,</strong></span> <span class='ocrx_word' id='word_1_89' title='bbox 414 919 602 968; x_wconf 90' lang='lat' dir='ltr'><strong>sepulcra,</strong></span> <span class='ocrx_word' id='word_1_90' title='bbox 635 931 812 965; x_wconf 89' lang='lat' dir='ltr'><strong>coronas,</strong></span> <span class='ocrx_word' id='word_1_91' title='bbox 846 917 1026 957; x_wconf 89' lang='lat' dir='ltr'><strong>lacrimas</strong></span> <span class='ocrx_word' id='word_1_92' title='bbox 1063 918 1247 968; x_wconf 89' lang='lat' dir='ltr'><strong>dicimus,</strong></span> <span class='ocrx_word' id='word_1_93' title='bbox 1280 920 1374 970; x_wconf 93' lang='lat' dir='ltr'><strong>quia</strong></span> <span class='ocrx_word' id='word_1_94' title='bbox 1410 934 1479 971; x_wconf 92' lang='lat' dir='ltr'><strong>per</strong></span> 
     </span>
     <span class='ocr_line' id='line_1_13' title="bbox 141 982 1478 1036; baseline 0.003 -16"><span class='ocrx_word' id='word_1_95' title='bbox 141 982 294 1021; x_wconf 89' lang='lat' dir='ltr'><strong>aurium</strong></span> <span class='ocrx_word' id='word_1_96' title='bbox 324 982 516 1021; x_wconf 90' lang='lat' dir='ltr'><strong>iudicium</strong></span> <span class='ocrx_word' id='word_1_97' title='bbox 544 983 646 1023; x_wconf 92' lang='lat' dir='ltr'><strong>licet.</strong></span> <span class='ocrx_word' id='word_1_98' title='bbox 706 985 873 1022; x_wconf 91' lang='lat' dir='ltr'><strong>Burrum</strong></span> <span class='ocrx_word' id='word_1_99' title='bbox 894 997 1050 1034; x_wconf 91' lang='lat' dir='ltr'><strong>semper</strong></span> <span class='ocrx_word' id='word_1_100' title='bbox 1070 984 1238 1033; x_wconf 90' lang='lat' dir='ltr'><strong>Ennius,</strong></span> <span class='ocrx_word' id='word_1_101' title='bbox 1258 998 1478 1036; x_wconf 89' lang='lat' dir='ltr'><strong>numquam</strong></span> 
     </span>
     <span class='ocr_line' id='line_1_14' title="bbox 144 1049 360 1098; baseline -0.005 -12"><span class='ocrx_word' id='word_1_102' title='bbox 144 1049 335 1098; x_wconf 92' lang='lat' dir='ltr'><strong>Pyrrhum</strong></span> <span class='ocrx_word' id='word_1_103' title='bbox 350 1062 360 1095; x_wconf 90' lang='lat'><strong>,·</strong></span> 
     </span>
     <span class='ocr_line' id='line_1_15' title="bbox 196 1112 704 1164; baseline 0.004 -14"><span class='ocrx_word' id='word_1_104' title='bbox 196 1112 234 1151; x_wconf 90' lang='lat' dir='ltr'><strong>vi</strong></span> <span class='ocrx_word' id='word_1_105' title='bbox 253 1114 523 1163; x_wconf 88' lang='lat' dir='ltr'><strong>patefecerunt</strong></span> <span class='ocrx_word' id='word_1_106' title='bbox 545 1115 704 1164; x_wconf 88' lang='lat' dir='ltr'><strong>Bruges,</strong></span> 
     </span>
     <span class='ocr_line' id='line_1_16' title="bbox 87 1178 1478 1230; baseline 0.001 -12"><span class='ocrx_word' id='word_1_107' title='bbox 87 1194 124 1228; x_wconf 87' lang='lat'><strong>¹5</strong></span> <span class='ocrx_word' id='word_1_108' title='bbox 142 1191 224 1217; x_wconf 88' lang='lat' dir='ltr'><strong>non</strong></span> <span class='ocrx_word' id='word_1_109' title='bbox 263 1179 446 1228; x_wconf 85' lang='lat' dir='ltr'><strong>Phryges,</strong></span> <span class='ocrx_word' id='word_1_110' title='bbox 486 1178 608 1229; x_wconf 91' lang='lat' dir='ltr'><strong>ipsius</strong></span> <span class='ocrx_word' id='word_1_111' title='bbox 645 1179 798 1230; x_wconf 87' lang='lat' dir='ltr'><strong>antiqui</strong></span> <span class='ocrx_word' id='word_1_112' title='bbox 835 1180 1037 1218; x_wconf 90' lang='lat' dir='ltr'><strong>declarant</strong></span> <span class='ocrx_word' id='word_1_113' title='bbox 1074 1180 1173 1219; x_wconf 89' lang='lat' dir='ltr'><strong>libri.</strong></span> <span class='ocrx_word' id='word_1_114' title='bbox 1246 1182 1284 1220; x_wconf 95' lang='lat' dir='ltr'>N</span> <span class='ocrx_word' id='word_1_115' title='bbox 1288 1194 1333 1220; x_wconf 95' lang='lat' dir='ltr'><strong>ec</strong></span> <span class='ocrx_word' id='word_1_116' title='bbox 1371 1180 1478 1220; x_wconf 90' lang='lat' dir='ltr'><strong>enim</strong></span> 
     </span>
     <span class='ocr_line' id='line_1_17' title="bbox 143 1243 1480 1294; baseline 0.003 -13"><span class='ocrx_word' id='word_1_117' title='bbox 143 1244 335 1282; x_wconf 90' lang='lat' dir='ltr'><strong>Graecam</strong></span> <span class='ocrx_word' id='word_1_118' title='bbox 365 1243 534 1282; x_wconf 89' lang='lat' dir='ltr'><strong>litteram</strong></span> <span class='ocrx_word' id='word_1_119' title='bbox 562 1244 818 1292; x_wconf 87' lang='lat' dir='ltr'><strong>adhibebant,</strong></span> <span class='ocrx_word' id='word_1_120' title='bbox 852 1259 958 1284; x_wconf 92' lang='lat' dir='ltr'><strong>nunc</strong></span> <span class='ocrx_word' id='word_1_121' title='bbox 986 1252 1120 1285; x_wconf 90' lang='lat' dir='ltr'><strong>autem</strong></span> <span class='ocrx_word' id='word_1_122' title='bbox 1150 1245 1269 1285; x_wconf 91' lang='lat' dir='ltr'><strong>etiam</strong></span> <span class='ocrx_word' id='word_1_123' title='bbox 1298 1247 1407 1294; x_wconf 92' lang='lat' dir='ltr'><strong>duas,</strong></span> <span class='ocrx_word' id='word_1_124' title='bbox 1440 1253 1480 1285; x_wconf 93' lang='lat' dir='ltr'><strong>et</strong></span> 
     </span>
     <span class='ocr_line' id='line_1_18' title="bbox 142 1309 1480 1361; baseline 0.003 -14"><span class='ocrx_word' id='word_1_125' title='bbox 142 1322 234 1348; x_wconf 90' lang='lat' dir='ltr'><strong>cum</strong></span> <span class='ocrx_word' id='word_1_126' title='bbox 255 1310 453 1360; x_wconf 89' lang='lat' dir='ltr'><strong>Phrygum</strong></span> <span class='ocrx_word' id='word_1_127' title='bbox 473 1316 512 1348; x_wconf 93' lang='lat' dir='ltr'><strong>et</strong></span> <span class='ocrx_word' id='word_1_128' title='bbox 533 1309 752 1361; x_wconf 90' lang='lat' dir='ltr'><strong>Phrygibus</strong></span> <span class='ocrx_word' id='word_1_129' title='bbox 772 1310 988 1349; x_wconf 91' lang='lat' dir='ltr'><strong>dicendum</strong></span> <span class='ocrx_word' id='word_1_130' title='bbox 1018 1318 1131 1359; x_wconf 91' lang='lat' dir='ltr'><strong>esset,</strong></span> <span class='ocrx_word' id='word_1_131' title='bbox 1155 1311 1371 1351; x_wconf 87' lang='lat' dir='ltr'><strong>absurdum</strong></span> <span class='ocrx_word' id='word_1_132' title='bbox 1398 1318 1480 1351; x_wconf 89' lang='lat' dir='ltr'><strong>erat</strong></span> 
     </span>
     <span class='ocr_line' id='line_1_19' title="bbox 142 1372 1481 1416; baseline 0.002 -3"><span class='ocrx_word' id='word_1_133' title='bbox 142 1381 210 1413; x_wconf 89' lang='lat' dir='ltr'><strong>aut</strong></span> <span class='ocrx_word' id='word_1_134' title='bbox 239 1372 356 1412; x_wconf 88' lang='lat' dir='ltr'><strong>etiam</strong></span> <span class='ocrx_word' id='word_1_135' title='bbox 390 1373 430 1412; x_wconf 90' lang='lat' dir='ltr'><strong>in</strong></span> <span class='ocrx_word' id='word_1_136' title='bbox 463 1374 638 1414; x_wconf 87' lang='lat' dir='ltr'><strong>barbaris</strong></span> <span class='ocrx_word' id='word_1_137' title='bbox 672 1374 828 1414; x_wconf 87' lang='lat' dir='ltr'><strong>casibus</strong></span> <span class='ocrx_word' id='word_1_138' title='bbox 860 1376 1053 1415; x_wconf 90' lang='lat' dir='ltr'><strong>Graecam</strong></span> <span class='ocrx_word' id='word_1_139' title='bbox 1087 1375 1256 1415; x_wconf 90' lang='lat' dir='ltr'><strong>litteram</strong></span> <span class='ocrx_word' id='word_1_140' title='bbox 1289 1376 1481 1416; x_wconf 90' lang='lat' dir='ltr'><strong>adhibere</strong></span> 
     </span>
     <span class='ocr_line' id='line_1_20' title="bbox 143 1440 1482 1492; baseline 0.003 -15"><span class='ocrx_word' id='word_1_141' title='bbox 143 1446 211 1478; x_wconf 91' lang='lat' dir='ltr'><strong>aut</strong></span> <span class='ocrx_word' id='word_1_142' title='bbox 239 1446 347 1478; x_wconf 90' lang='lat' dir='ltr'><strong>recto</strong></span> <span class='ocrx_word' id='word_1_143' title='bbox 375 1453 470 1478; x_wconf 89' lang='lat' dir='ltr'><strong>casu</strong></span> <span class='ocrx_word' id='word_1_144' title='bbox 500 1441 630 1479; x_wconf 92' lang='lat' dir='ltr'><strong>solum</strong></span> <span class='ocrx_word' id='word_1_145' title='bbox 659 1441 811 1479; x_wconf 90' lang='lat' dir='ltr'><strong>Graece</strong></span> <span class='ocrx_word' id='word_1_146' title='bbox 839 1440 949 1491; x_wconf 88' lang='lat' dir='ltr'><strong>loqui</strong></span> <span class='ocrx_word' id='word_1_147' title='bbox 965 1455 976 1489; x_wconf 80' lang='lat'>3</span> <span class='ocrx_word' id='word_1_148' title='bbox 1010 1448 1143 1480; x_wconf 89' lang='lat' dir='ltr'><strong>tamen</strong></span> <span class='ocrx_word' id='word_1_149' title='bbox 1173 1448 1212 1480; x_wconf 91' lang='lat' dir='ltr'><strong>et</strong></span> <span class='ocrx_word' id='word_1_150' title='bbox 1241 1442 1413 1492; x_wconf 92' lang='lat' dir='ltr'><strong>Phryges</strong></span> <span class='ocrx_word' id='word_1_151' title='bbox 1443 1449 1482 1481; x_wconf 93' lang='lat' dir='ltr'><strong>et</strong></span> 
     </span>
     <span class='ocr_line' id='line_1_21' title="bbox 86 1504 1563 1557; baseline 0.003 -14.804"><span class='ocrx_word' id='word_1_152' title='bbox 86 1517 128 1542; x_wconf 65' lang='grc' dir='ltr'><strong>πο</strong></span> <span class='ocrx_word' id='word_1_153' title='bbox 146 1505 338 1554; x_wconf 90' lang='lat' dir='ltr'><strong>Pyrrhum</strong></span> <span class='ocrx_word' id='word_1_154' title='bbox 366 1504 520 1543; x_wconf 86' lang='lat' dir='ltr'><strong>aun&#39;um</strong></span> <span class='ocrx_word' id='word_1_155' title='bbox 555 1518 674 1544; x_wconf 90' lang='lat' dir='ltr'><strong>causa</strong></span> <span class='ocrx_word' id='word_1_156' title='bbox 710 1505 891 1545; x_wconf 90' lang='lat' dir='ltr'><strong>dicimus.</strong></span> <span class='ocrx_word' id='word_1_157' title='bbox 962 1506 1072 1555; x_wconf 88' lang='lat' dir='ltr'><strong>Quin</strong></span> <span class='ocrx_word' id='word_1_158' title='bbox 1101 1505 1231 1554; x_wconf 89' lang='lat' dir='ltr'><strong>etiam,</strong></span> <span class='ocrx_word' id='word_1_159' title='bbox 1263 1508 1373 1557; x_wconf 93' lang='lat' dir='ltr'><strong>quod</strong></span> <span class='ocrx_word' id='word_1_160' title='bbox 1402 1506 1481 1545; x_wconf 90' lang='lat' dir='ltr'><strong>iam</strong></span> <span class='ocrx_word' id='word_1_161' title='bbox 1504 1510 1563 1541; x_wconf 82' lang='lat'><strong>161</strong></span> 
     </span>
     <span class='ocr_line' id='line_1_22' title="bbox 145 1569 1480 1622; baseline 0.003 -15"><span class='ocrx_word' id='word_1_162' title='bbox 145 1569 409 1608; x_wconf 91' lang='lat' dir='ltr'><strong>subrusticum</strong></span> <span class='ocrx_word' id='word_1_163' title='bbox 434 1569 600 1619; x_wconf 89' lang='lat' dir='ltr'><strong>videtur,</strong></span> <span class='ocrx_word' id='word_1_164' title='bbox 622 1570 717 1610; x_wconf 92' lang='lat' dir='ltr'><strong>olim</strong></span> <span class='ocrx_word' id='word_1_165' title='bbox 743 1579 877 1610; x_wconf 89' lang='lat' dir='ltr'><strong>autem</strong></span> <span class='ocrx_word' id='word_1_166' title='bbox 906 1571 1078 1622; x_wconf 92' lang='lat' dir='ltr'><strong>politius,</strong></span> <span class='ocrx_word' id='word_1_167' title='bbox 1101 1585 1237 1610; x_wconf 92' lang='lat' dir='ltr'><strong>eorum</strong></span> <span class='ocrx_word' id='word_1_168' title='bbox 1258 1572 1480 1619; x_wconf 92' lang='lat' dir='ltr'><strong>verborum,</strong></span> 
     </span>
     <span class='ocr_line' id='line_1_23' title="bbox 145 1636 1482 1688; baseline 0.003 -16"><span class='ocrx_word' id='word_1_169' title='bbox 145 1647 314 1685; x_wconf 91' lang='lat' dir='ltr'><strong>quorum</strong></span> <span class='ocrx_word' id='word_1_170' title='bbox 335 1636 499 1674; x_wconf 90' lang='lat' dir='ltr'><strong>eaedem</strong></span> <span class='ocrx_word' id='word_1_171' title='bbox 520 1643 631 1675; x_wconf 90' lang='lat' dir='ltr'><strong>erant</strong></span> <span class='ocrx_word' id='word_1_172' title='bbox 650 1644 873 1687; x_wconf 88' lang='lat' dir='ltr'><strong>postremae</strong></span> <span class='ocrx_word' id='word_1_173' title='bbox 899 1638 1003 1676; x_wconf 89' lang='lat' dir='ltr'><strong>duae</strong></span> <span class='ocrx_word' id='word_1_174' title='bbox 1023 1636 1184 1684; x_wconf 88' lang='lat' dir='ltr'><strong>litterae,</strong></span> <span class='ocrx_word' id='word_1_175' title='bbox 1207 1651 1310 1688; x_wconf 92' lang='lat' dir='ltr'><strong>quae</strong></span> <span class='ocrx_word' id='word_1_176' title='bbox 1330 1644 1422 1676; x_wconf 90' lang='lat' dir='ltr'><strong>sunt</strong></span> <span class='ocrx_word' id='word_1_177' title='bbox 1442 1637 1482 1676; x_wconf 93' lang='lat' dir='ltr'><strong>in</strong></span> 
     </span>
     <span class='ocr_line' id='line_1_24' title="bbox 145 1699 1485 1750; baseline 0.001 -11"><span class='ocrx_word' id='word_1_178' title='bbox 145 1699 329 1750; x_wconf 88' lang='lat' dir='ltr'><strong>optimus,</strong></span> <span class='ocrx_word' id='word_1_179' title='bbox 352 1708 592 1750; x_wconf 88' lang='lat' dir='ltr'><strong>postremam</strong></span> <span class='ocrx_word' id='word_1_180' title='bbox 616 1701 785 1740; x_wconf 89' lang='lat' dir='ltr'><strong>litteram</strong></span> <span class='ocrx_word' id='word_1_181' title='bbox 811 1702 1084 1749; x_wconf 88' lang='lat' dir='ltr'><strong>detrahebant,</strong></span> <span class='ocrx_word' id='word_1_182' title='bbox 1107 1701 1182 1740; x_wconf 89' lang='lat' dir='ltr'><strong>nisi</strong></span> <span class='ocrx_word' id='word_1_183' title='bbox 1209 1702 1355 1741; x_wconf 88' lang='lat' dir='ltr'><strong>vocalis</strong></span> <span class='ocrx_word' id='word_1_184' title='bbox 1385 1702 1485 1742; x_wconf 92' lang='lat' dir='ltr'><strong>inse-</strong></span> 
     </span>
     <span class='ocr_line' id='line_1_25' title="bbox 145 1765 1484 1818; baseline 0.003 -15"><span class='ocrx_word' id='word_1_185' title='bbox 145 1765 350 1816; x_wconf 89' lang='lat' dir='ltr'><strong>quebatur.</strong></span> <span class='ocrx_word' id='word_1_186' title='bbox 411 1767 472 1804; x_wconf 86' lang='lat' dir='ltr'><strong>Ita</strong></span> <span class='ocrx_word' id='word_1_187' title='bbox 498 1779 580 1804; x_wconf 89' lang='lat' dir='ltr'><strong>non</strong></span> <span class='ocrx_word' id='word_1_188' title='bbox 604 1773 685 1805; x_wconf 89' lang='lat' dir='ltr'><strong>erat</strong></span> <span class='ocrx_word' id='word_1_189' title='bbox 709 1780 756 1805; x_wconf 91' lang='lat' dir='ltr'><strong>ea</strong></span> <span class='ocrx_word' id='word_1_190' title='bbox 781 1766 948 1806; x_wconf 87' lang='lat' dir='ltr'><strong>offensio</strong></span> <span class='ocrx_word' id='word_1_191' title='bbox 972 1766 1013 1804; x_wconf 91' lang='lat' dir='ltr'><strong>in</strong></span> <span class='ocrx_word' id='word_1_192' title='bbox 1032 1766 1208 1806; x_wconf 90' lang='lat' dir='ltr'><strong>versibus</strong></span> <span class='ocrx_word' id='word_1_193' title='bbox 1229 1780 1349 1818; x_wconf 91' lang='lat' dir='ltr'><strong>quam</strong></span> <span class='ocrx_word' id='word_1_194' title='bbox 1377 1781 1484 1807; x_wconf 91' lang='lat' dir='ltr'><strong>nunc</strong></span> 
     </span>
     <span class='ocr_line' id='line_1_26' title="bbox 88 1829 1140 1882; baseline 0.003 -15"><span class='ocrx_word' id='word_1_195' title='bbox 88 1841 127 1874; x_wconf 83' lang='lat'><strong>²5</strong></span> <span class='ocrx_word' id='word_1_196' title='bbox 146 1829 300 1881; x_wconf 88' lang='lat' dir='ltr'><strong>fugiunt</strong></span> <span class='ocrx_word' id='word_1_197' title='bbox 320 1837 462 1881; x_wconf 88' lang='lat' dir='ltr'><strong>poetae</strong></span> <span class='ocrx_word' id='word_1_198' title='bbox 481 1830 585 1869; x_wconf 89' lang='lat' dir='ltr'><strong>novi.</strong></span> <span class='ocrx_word' id='word_1_199' title='bbox 644 1830 708 1870; x_wconf 91' lang='lat' dir='ltr'><strong>Sic</strong></span> <span class='ocrx_word' id='word_1_200' title='bbox 728 1830 834 1870; x_wconf 90' lang='lat' dir='ltr'><strong>enim</strong></span> <span class='ocrx_word' id='word_1_201' title='bbox 855 1832 1140 1882; x_wconf 90' lang='lat' dir='ltr'><strong>loquebamur:</strong></span> 
     </span>
     <span class='ocr_line' id='line_1_27' title="bbox 201 1894 750 1946; baseline 0.002 -12"><span class='ocrx_word' id='word_1_202' title='bbox 201 1895 269 1946; x_wconf 92' lang='lat' dir='ltr'><strong>qui</strong></span> <span class='ocrx_word' id='word_1_203' title='bbox 289 1902 349 1934; x_wconf 92' lang='lat' dir='ltr'><strong>est</strong></span> <span class='ocrx_word' id='word_1_204' title='bbox 369 1894 546 1935; x_wconf 84' lang='lat' dir='ltr'><strong>omnibu&#39;</strong></span> <span class='ocrx_word' id='word_1_205' title='bbox 566 1895 750 1946; x_wconf 89' lang='lat' dir='ltr'><strong>princeps</strong></span> 
     </span>
     <span class='ocr_line' id='line_1_28' title="bbox 148 1959 736 2010; baseline 0.002 -12"><span class='ocrx_word' id='word_1_206' title='bbox 148 1973 229 1999; x_wconf 91' lang='lat' dir='ltr'><strong>non</strong></span> <span class='ocrx_word' id='word_1_207' title='bbox 250 1959 437 1999; x_wconf 91' lang='lat' dir='ltr'><strong>omnibus</strong></span> <span class='ocrx_word' id='word_1_208' title='bbox 457 1959 651 2010; x_wconf 48' lang='lat' dir='ltr'><strong>princeps</strong></span> <span class='ocrx_word' id='word_1_209' title='bbox 674 1967 712 2000; x_wconf 91' lang='lat' dir='ltr'><strong>et</strong></span> <span class='ocrx_word' id='word_1_210' title='bbox 729 1975 736 1999; x_wconf 74' lang='grc' dir='ltr'><strong><em>ε</em></strong></span> 
     </span>
     <span class='ocr_line' id='line_1_29' title="bbox 201 2024 707 2076; baseline 0.004 -13"><span class='ocrx_word' id='word_1_211' title='bbox 201 2024 280 2063; x_wconf 91' lang='lat' dir='ltr'><strong>vita</strong></span> <span class='ocrx_word' id='word_1_212' title='bbox 299 2024 363 2064; x_wconf 92' lang='lat' dir='ltr'><strong>illa</strong></span> <span class='ocrx_word' id='word_1_213' title='bbox 383 2025 518 2075; x_wconf 87' lang='lat' dir='ltr'><strong>dignu&#39;</strong></span> <span class='ocrx_word' id='word_1_214' title='bbox 537 2027 707 2076; x_wconf 92' lang='lat' dir='ltr'><strong>locoque</strong></span> 
     </span>
     <span class='ocr_line' id='line_1_30' title="bbox 195 2114 1482 2158; baseline 0.004 -12"><span class='ocrx_word' id='word_1_215' title='bbox 195 2124 209 2146; x_wconf 87' lang='lat'>1</span> <span class='ocrx_word' id='word_1_216' title='bbox 236 2114 333 2147; x_wconf 76' lang='lat' dir='ltr'><strong>selice</strong></span> <span class='ocrx_word' id='word_1_217' title='bbox 348 2114 443 2146; x_wconf 89' lang='lat' dir='ltr'><strong>FPO</strong></span> <span class='ocrx_word' id='word_1_218' title='bbox 461 2115 604 2147; x_wconf 83' lang='lat' dir='ltr'><strong>Gellius:</strong></span> <span class='ocrx_word' id='word_1_219' title='bbox 627 2115 763 2148; x_wconf 81' lang='lat' dir='ltr'><strong>infelice</strong></span> <span class='ocrx_word' id='word_1_220' title='bbox 779 2116 812 2147; x_wconf 89' lang='lat' dir='ltr'><em>A</em></span> <span class='ocrx_word' id='word_1_221' title='bbox 830 2127 838 2148; x_wconf 91' lang='lat'><strong>:</strong></span> <span class='ocrx_word' id='word_1_222' title='bbox 861 2116 970 2151; x_wconf 80' lang='lat' dir='ltr'><strong>selice.</strong></span> <span class='ocrx_word' id='word_1_223' title='bbox 990 2117 1024 2148; x_wconf 92' lang='lat' dir='ltr'><strong>in</strong></span> <span class='ocrx_word' id='word_1_224' title='bbox 1038 2116 1164 2158; x_wconf 82' lang='lat' dir='ltr'><strong>Stangl</strong></span> <span class='ocrx_word' id='word_1_225' title='bbox 1315 2129 1334 2157; x_wconf 87' lang='lat'>4</span> <span class='ocrx_word' id='word_1_226' title='bbox 1359 2118 1402 2149; x_wconf 86' lang='lat' dir='ltr'><strong>sit</strong></span> <span class='ocrx_word' id='word_1_227' title='bbox 1418 2142 1426 2150; x_wconf 95' lang='lat'><strong>.</strong></span> <span class='ocrx_word' id='word_1_228' title='bbox 1445 2142 1455 2151; x_wconf 85' lang='lat'><strong>.</strong></span> <span class='ocrx_word' id='word_1_229' title='bbox 1471 2141 1482 2151; x_wconf 86' lang='lat'><strong>.</strong></span> 
     </span>
    </p>
   </div>
   <div class='ocr_carea' id='block_1_3' title="bbox 142 2158 1485 2194">
    <p class='ocr_par' dir='ltr' id='par_1_3' title="bbox 142 2158 1485 2194">
     <span class='ocr_line' id='line_1_31' title="bbox 142 2158 1485 2194; baseline 0.003 -5"><span class='ocrx_word' id='word_1_230' title='bbox 142 2158 266 2190; x_wconf 72' lang='lat' dir='ltr'><strong>&#39;iuvare</strong></span> <span class='ocrx_word' id='word_1_231' title='bbox 285 2159 427 2191; x_wconf 79' lang='lat' dir='ltr'><strong>Gellius:</strong></span> <span class='ocrx_word' id='word_1_232' title='bbox 453 2169 491 2191; x_wconf 89' lang='lat' dir='ltr'><strong>se</strong></span> <span class='ocrx_word' id='word_1_233' title='bbox 507 2182 516 2191; x_wconf 93' lang='lat'><strong>.</strong></span> <span class='ocrx_word' id='word_1_234' title='bbox 534 2182 542 2190; x_wconf 95' lang='lat'><strong>.</strong></span> <span class='ocrx_word' id='word_1_235' title='bbox 563 2184 571 2191; x_wconf 91' lang='lat'><strong>.</strong></span> <span class='ocrx_word' id='word_1_236' title='bbox 593 2159 697 2190; x_wconf 87' lang='lat' dir='ltr'><strong>iuvari</strong></span> <span class='ocrx_word' id='word_1_237' title='bbox 714 2159 780 2191; x_wconf 89' lang='lat' dir='ltr'><strong>AL</strong></span> <span class='ocrx_word' id='word_1_238' title='bbox 796 2171 804 2192; x_wconf 90' lang='lat'>:</span> <span class='ocrx_word' id='word_1_239' title='bbox 827 2170 864 2191; x_wconf 87' lang='lat' dir='ltr'><strong>se</strong></span> <span class='ocrx_word' id='word_1_240' title='bbox 882 2185 888 2190; x_wconf 95' lang='lat'><strong>.</strong></span> <span class='ocrx_word' id='word_1_241' title='bbox 907 2184 915 2192; x_wconf 89' lang='lat'><strong>.</strong></span> <span class='ocrx_word' id='word_1_242' title='bbox 935 2184 943 2192; x_wconf 93' lang='lat'><strong>.</strong></span> <span class='ocrx_word' id='word_1_243' title='bbox 961 2160 1077 2192; x_wconf 89' lang='lat' dir='ltr'><strong>iuvare</strong></span> <span class='ocrx_word' id='word_1_244' title='bbox 1093 2160 1185 2192; x_wconf 81' lang='lat' dir='ltr'><strong>Bake</strong></span> <span class='ocrx_word' id='word_1_245' title='bbox 1363 2162 1385 2192; x_wconf 91' lang='lat'><strong>6</strong></span> <span class='ocrx_word' id='word_1_246' title='bbox 1408 2172 1485 2194; x_wconf 86' lang='lat' dir='ltr'><strong>esse</strong></span> 
     </span>
    </p>
   </div>
   <div class='ocr_carea' id='block_1_4' title="bbox 149 2201 1490 2461">
    <p class='ocr_par' dir='ltr' id='par_1_4' title="bbox 149 2201 1490 2461">
     <span class='ocr_line' id='line_1_32' title="bbox 149 2201 1485 2245; baseline 0.003 -12"><span class='ocrx_word' id='word_1_247' title='bbox 149 2212 218 2233; x_wconf 89' lang='lat' dir='ltr'><strong>om.</strong></span> <span class='ocrx_word' id='word_1_248' title='bbox 241 2201 275 2233; x_wconf 91' lang='lat' dir='ltr'><em>A</em></span> <span class='ocrx_word' id='word_1_249' title='bbox 414 2212 432 2242; x_wconf 91' lang='lat'><strong>7</strong></span> <span class='ocrx_word' id='word_1_250' title='bbox 457 2202 616 2243; x_wconf 88' lang='lat' dir='ltr'><strong>pulchros</strong></span> <span class='ocrx_word' id='word_1_251' title='bbox 639 2208 772 2235; x_wconf 87' lang='lat' dir='ltr'><strong>eeteros</strong></span> <span class='ocrx_word' id='word_1_252' title='bbox 797 2204 846 2244; x_wconf 89' lang='lat' dir='ltr'><strong>(et</strong></span> <span class='ocrx_word' id='word_1_253' title='bbox 867 2204 1033 2244; x_wconf 87' lang='lat' dir='ltr'><strong>cethegos</strong></span> <span class='ocrx_word' id='word_1_254' title='bbox 1058 2205 1101 2244; x_wconf 91' lang='lat' dir='ltr'><strong>L)</strong></span> <span class='ocrx_word' id='word_1_255' title='bbox 1126 2204 1316 2245; x_wconf 84' lang='lat' dir='ltr'><strong>triumphos</strong></span> <span class='ocrx_word' id='word_1_256' title='bbox 1341 2205 1485 2237; x_wconf 78' lang='lat' dir='ltr'><strong>Cartha-</strong></span> 
     </span>
     <span class='ocr_line' id='line_1_33' title="bbox 150 2245 1484 2289; baseline 0.002 -12"><span class='ocrx_word' id='word_1_257' title='bbox 150 2245 263 2286; x_wconf 83' lang='lat' dir='ltr'><strong>ginem</strong></span> <span class='ocrx_word' id='word_1_258' title='bbox 280 2245 348 2277; x_wconf 89' lang='lat' dir='ltr'><strong>AL</strong></span> <span class='ocrx_word' id='word_1_259' title='bbox 363 2257 371 2277; x_wconf 79' lang='grc' dir='ltr'><strong><em>ε</em></strong></span> <span class='ocrx_word' id='word_1_260' title='bbox 393 2257 474 2278; x_wconf 85' lang='lat' dir='ltr'><strong>corr.</strong></span> <span class='ocrx_word' id='word_1_261' title='bbox 492 2246 582 2289; x_wconf 86' lang='lat' dir='ltr'><strong>vulg.</strong></span> <span class='ocrx_word' id='word_1_262' title='bbox 721 2257 757 2278; x_wconf 89' lang='lat'><strong>11</strong></span> <span class='ocrx_word' id='word_1_263' title='bbox 783 2246 938 2279; x_wconf 83' lang='lat' dir='ltr'><strong>lacrimas</strong></span> <span class='ocrx_word' id='word_1_264' title='bbox 954 2258 1021 2279; x_wconf 87' lang='lat' dir='ltr'><strong>om.</strong></span> <span class='ocrx_word' id='word_1_265' title='bbox 1036 2247 1070 2278; x_wconf 90' lang='lat' dir='ltr'><em>A</em></span> <span class='ocrx_word' id='word_1_266' title='bbox 1207 2258 1246 2279; x_wconf 86' lang='lat'><strong>12</strong></span> <span class='ocrx_word' id='word_1_267' title='bbox 1270 2258 1436 2289; x_wconf 83' lang='lat' dir='ltr'><strong>nusquam</strong></span> <span class='ocrx_word' id='word_1_268' title='bbox 1449 2248 1484 2280; x_wconf 90' lang='lat' dir='ltr'><em>A</em></span> 
     </span>
     <span class='ocr_line' id='line_1_34' title="bbox 153 2289 1487 2332; baseline 0.002 -12"><span class='ocrx_word' id='word_1_269' title='bbox 153 2298 192 2328; x_wconf 82' lang='lat'><strong>14</strong></span> <span class='ocrx_word' id='word_1_270' title='bbox 216 2289 351 2329; x_wconf 83' lang='lat' dir='ltr'><strong>Bruges</strong></span> <span class='ocrx_word' id='word_1_271' title='bbox 371 2289 528 2321; x_wconf 67' lang='lat' dir='ltr'><strong>Victorius</strong></span> <span class='ocrx_word' id='word_1_272' title='bbox 544 2293 627 2330; x_wconf 86' lang='lat' dir='ltr'><strong>(var.</strong></span> <span class='ocrx_word' id='word_1_273' title='bbox 646 2290 712 2322; x_wconf 83' lang='lat' dir='ltr'><strong>lect.</strong></span> <span class='ocrx_word' id='word_1_274' title='bbox 732 2291 797 2322; x_wconf 78' lang='lat' dir='ltr'><strong>xiv.</strong></span> <span class='ocrx_word' id='word_1_275' title='bbox 822 2291 877 2331; x_wconf 72' lang='lat'><strong>3):</strong></span> <span class='ocrx_word' id='word_1_276' title='bbox 905 2291 1034 2330; x_wconf 84' lang='lat' dir='ltr'><strong>Fruges</strong></span> <span class='ocrx_word' id='word_1_277' title='bbox 1053 2290 1123 2331; x_wconf 81' lang='lat' dir='ltr'><strong>FP,</strong></span> <span class='ocrx_word' id='word_1_278' title='bbox 1142 2291 1297 2331; x_wconf 81' lang='lat' dir='ltr'><strong>Phruges</strong></span> <span class='ocrx_word' id='word_1_279' title='bbox 1316 2292 1366 2323; x_wconf 93' lang='lat' dir='ltr'><strong>O:</strong></span> <span class='ocrx_word' id='word_1_280' title='bbox 1393 2292 1487 2332; x_wconf 88' lang='lat' dir='ltr'><strong>Phry</strong></span> 
     </span>
     <span class='ocr_line' id='line_1_35' title="bbox 151 2332 1486 2374; baseline 0.002 -11"><span class='ocrx_word' id='word_1_281' title='bbox 151 2332 184 2363; x_wconf 80' lang='lat' dir='ltr'><em>A</em></span> <span class='ocrx_word' id='word_1_282' title='bbox 299 2343 337 2374; x_wconf 91' lang='lat'><strong>17</strong></span> <span class='ocrx_word' id='word_1_283' title='bbox 363 2332 538 2374; x_wconf 87' lang='lat' dir='ltr'><strong>Phrygum</strong></span> <span class='ocrx_word' id='word_1_284' title='bbox 556 2333 702 2365; x_wconf 69' lang='lat' dir='ltr'><strong>Schu‘tz:</strong></span> <span class='ocrx_word' id='word_1_285' title='bbox 728 2333 897 2374; x_wconf 89' lang='lat' dir='ltr'><strong>Phyrrum</strong></span> <span class='ocrx_word' id='word_1_286' title='bbox 913 2335 946 2365; x_wconf 93' lang='lat' dir='ltr'><em>A</em></span> <span class='ocrx_word' id='word_1_287' title='bbox 1070 2336 1110 2366; x_wconf 88' lang='lat'><strong>18</strong></span> <span class='ocrx_word' id='word_1_288' title='bbox 1133 2335 1234 2366; x_wconf 89' lang='lat' dir='ltr'><strong>etiam</strong></span> <span class='ocrx_word' id='word_1_289' title='bbox 1259 2335 1292 2366; x_wconf 92' lang='lat' dir='ltr'><strong>in</strong></span> <span class='ocrx_word' id='word_1_290' title='bbox 1315 2334 1486 2367; x_wconf 80' lang='lat' dir='ltr'><strong>Hoerner:</strong></span> 
     </span>
     <span class='ocr_line' id='line_1_36' title="bbox 151 2375 1488 2420; baseline 0.002 -12"><span class='ocrx_word' id='word_1_291' title='bbox 151 2375 254 2408; x_wconf 81' lang='lat' dir='ltr'><strong>etiam</strong></span> <span class='ocrx_word' id='word_1_292' title='bbox 277 2375 440 2417; x_wconf 81' lang='lat' dir='ltr'><strong>Madvig:</strong></span> <span class='ocrx_word' id='word_1_293' title='bbox 471 2382 537 2408; x_wconf 82' lang='lat' dir='ltr'><strong>tam</strong></span> <span class='ocrx_word' id='word_1_294' title='bbox 562 2378 597 2408; x_wconf 87' lang='lat' dir='ltr'><strong>in</strong></span> <span class='ocrx_word' id='word_1_295' title='bbox 622 2377 673 2409; x_wconf 90' lang='lat' dir='ltr'><strong>L:</strong></span> <span class='ocrx_word' id='word_1_296' title='bbox 696 2382 810 2409; x_wconf 88' lang='lat' dir='ltr'><strong>tamen</strong></span> <span class='ocrx_word' id='word_1_297' title='bbox 834 2378 867 2408; x_wconf 90' lang='lat' dir='ltr'><em>A</em></span> <span class='ocrx_word' id='word_1_298' title='bbox 978 2389 1019 2418; x_wconf 84' lang='lat'><strong>25</strong></span> <span class='ocrx_word' id='word_1_299' title='bbox 1043 2379 1091 2410; x_wconf 87' lang='lat' dir='ltr'><strong>sic</strong></span> <span class='ocrx_word' id='word_1_300' title='bbox 1107 2378 1140 2409; x_wconf 90' lang='lat' dir='ltr'><em>A</em></span> <span class='ocrx_word' id='word_1_301' title='bbox 1158 2390 1165 2409; x_wconf 92' lang='lat'>:</span> <span class='ocrx_word' id='word_1_302' title='bbox 1189 2379 1236 2410; x_wconf 83' lang='lat' dir='ltr'><strong>ita</strong></span> <span class='ocrx_word' id='word_1_303' title='bbox 1254 2377 1283 2409; x_wconf 91' lang='lat' dir='ltr'><em>L</em></span> <span class='ocrx_word' id='word_1_304' title='bbox 1372 2380 1488 2420; x_wconf 87' lang='lat' dir='ltr'><strong>loque·</strong></span> 
     </span>
     <span class='ocr_line' id='line_1_37' title="bbox 152 2418 1490 2461; baseline 0.004 -11"><span class='ocrx_word' id='word_1_305' title='bbox 152 2418 270 2451; x_wconf 84' lang='lat' dir='ltr'><strong>bamur</strong></span> <span class='ocrx_word' id='word_1_306' title='bbox 282 2419 349 2451; x_wconf 87' lang='lat' dir='ltr'><strong>AL</strong></span> <span class='ocrx_word' id='word_1_307' title='bbox 364 2431 372 2451; x_wconf 70' lang='grc' dir='ltr'><strong><em>ε</em></strong></span> <span class='ocrx_word' id='word_1_308' title='bbox 396 2420 621 2461; x_wconf 86' lang='lat' dir='ltr'><strong>loquebantur</strong></span> <span class='ocrx_word' id='word_1_309' title='bbox 636 2421 684 2453; x_wconf 83' lang='lat' dir='ltr'><strong>ed.</strong></span> <span class='ocrx_word' id='word_1_310' title='bbox 703 2421 803 2453; x_wconf 87' lang='lat' dir='ltr'><strong>Rom.</strong></span> <span class='ocrx_word' id='word_1_311' title='bbox 982 2423 1025 2453; x_wconf 83' lang='lat'><strong>26</strong></span> <span class='ocrx_word' id='word_1_312' title='bbox 1048 2422 1187 2454; x_wconf 87' lang='lat' dir='ltr'><strong>omnibu</strong></span> <span class='ocrx_word' id='word_1_313' title='bbox 1203 2422 1237 2454; x_wconf 94' lang='lat' dir='ltr'><em>A</em></span> <span class='ocrx_word' id='word_1_314' title='bbox 1251 2434 1258 2455; x_wconf 90' lang='lat'>:</span> <span class='ocrx_word' id='word_1_315' title='bbox 1282 2423 1441 2455; x_wconf 88' lang='lat' dir='ltr'><strong>omnibus</strong></span> <span class='ocrx_word' id='word_1_316' title='bbox 1458 2423 1490 2455; x_wconf 86' lang='lat' dir='ltr'><em>L</em></span> 
     </span>
    </p>
   </div>
   <div class='ocr_carea' id='block_1_5' title="bbox 152 2463 1399 2542">
    <p class='ocr_par' dir='ltr' id='par_1_5' title="bbox 152 2463 1399 2542">
     <span class='ocr_line' id='line_1_38' title="bbox 152 2463 1225 2506; baseline 0.005 -13"><span class='ocrx_word' id='word_1_317' title='bbox 152 2472 194 2499; x_wconf 76' lang='lat'><strong>27</strong></span> <span class='ocrx_word' id='word_1_318' title='bbox 217 2463 341 2495; x_wconf 89' lang='lat' dir='ltr'><strong>omnib.</strong></span> <span class='ocrx_word' id='word_1_319' title='bbox 359 2464 391 2495; x_wconf 86' lang='lat' dir='ltr'><em>A</em></span> <span class='ocrx_word' id='word_1_320' title='bbox 413 2475 422 2495; x_wconf 71' lang='grc' dir='ltr'><strong>ι</strong></span> <span class='ocrx_word' id='word_1_321' title='bbox 445 2465 595 2496; x_wconf 87' lang='lat' dir='ltr'><strong>omnium</strong></span> <span class='ocrx_word' id='word_1_322' title='bbox 614 2465 641 2496; x_wconf 94' lang='lat' dir='ltr'><em>L</em></span> <span class='ocrx_word' id='word_1_323' title='bbox 773 2465 816 2496; x_wconf 87' lang='lat'><strong>28</strong></span> <span class='ocrx_word' id='word_1_324' title='bbox 838 2464 944 2506; x_wconf 79' lang='lat' dir='ltr'><strong>dignu</strong></span> <span class='ocrx_word' id='word_1_325' title='bbox 958 2465 991 2496; x_wconf 89' lang='lat' dir='ltr'><em>A</em></span> <span class='ocrx_word' id='word_1_326' title='bbox 1010 2477 1018 2497; x_wconf 90' lang='lat'><strong>:</strong></span> <span class='ocrx_word' id='word_1_327' title='bbox 1041 2465 1178 2506; x_wconf 84' lang='lat' dir='ltr'><strong>dignum</strong></span> <span class='ocrx_word' id='word_1_328' title='bbox 1197 2465 1225 2498; x_wconf 92' lang='lat' dir='ltr'><em>L</em></span> 
     </span>
     <span class='ocr_line' id='line_1_39' title="bbox 196 2510 1399 2542; baseline 0.004 -5"><span class='ocrx_word' id='word_1_329' title='bbox 196 2514 261 2538; x_wconf 77' lang='lat' dir='ltr'><strong>cxc.</strong></span> <span class='ocrx_word' id='word_1_330' title='bbox 279 2515 422 2539; x_wconf 67' lang='lat' dir='ltr'><strong>oxu-ron</strong></span> <span class='ocrx_word' id='word_1_331' title='bbox 1359 2510 1399 2542; x_wconf 85' lang='lat'><strong>11</strong></span> 
     </span>
    </p>
   </div>
   <div class='ocr_carea' id='block_1_6' title="bbox 0 0 76 2730">
    <p class='ocr_par' dir='ltr' id='par_1_6' title="bbox 0 0 76 2730">
     <span class='ocr_line' id='line_1_40' title="bbox 0 0 76 2730; baseline 0 0"><span class='ocrx_word' id='word_1_332' title='bbox 0 0 76 2730; x_wconf 95' lang='lat' dir='ltr'><strong> </strong></span> 
     </span>
    </p>
   </div>
  </div>
 </body>
</html>
