1696 2730
174 155 199 196 7
222 152 263 185 26
584 149 642 187 M.
683 149 853 187 TVLLI
894 149 1205 190 CICERONIS

219 259 260 298 in
289 273 370 311 quo
401 259 680 312 imprimuntur
713 260 821 312 ipsae
853 269 982 310 notae,
1018 261 1074 301 sic
1105 261 1304 302 confectio
1343 261 1558 303 memoriae

218 333 423 376 tamquam
462 339 552 366 cera
581 326 678 366 locis
712 326 834 366 utitur
866 334 905 367 et
935 327 975 366 in
1014 327 1075 366 his
1113 327 1304 378 imagines
1338 334 1382 367 ut
1410 327 1557 367 litteras

218 393 412 430 conlocat.

160 489 199 524 ²7
274 458 319 497 C.
344 457 547 507 Quoniam
576 457 692 508 igitur
718 458 775 498 vis
804 452 968 498 oratoris
998 458 1128 498 omnis
1158 458 1337 510 exposita
1364 466 1434 507 est,
1457 459 1555 510 quid

219 524 342 563 habes
381 525 431 563 de
462 523 650 563 orationis
688 524 907 576 praeceptis
941 524 1103 564 dicere?
1158 526 1200 563 P.
1235 525 1434 574 Quattuor
1471 524 1555 565 eius
1577 538 1594 571 5

218 589 338 640 partis
369 602 466 637 esse,
500 603 666 640 quarum
701 589 828 641 prima
858 598 896 629 et
926 598 1127 641 postrema
1159 591 1212 629 ad
1245 598 1400 629 motum
1432 589 1555 629 animi

218 655 410 694 valet—is
439 655 545 694 enim
576 663 635 694 est
663 655 783 695 initiis
812 664 850 695 et
884 656 1199 706 perorationibus
1237 652 1556 695 concitandus—

217 722 394 760 secunda
422 721 592 760 narratio
622 729 660 760 et
687 721 800 760 tertia
828 722 1077 761 confirmatio
1107 723 1228 761 fidem
1254 721 1348 761 facit
1373 721 1553 761 orationi.

218 788 297 826 Sed
325 786 581 838 amplificatio
611 801 853 838 quamquam
884 788 1005 827 habet
1033 787 1236 838 proprium
1265 789 1411 836 locum,
1436 801 1555 839 saepe

217 852 336 891 etiam
356 852 540 904 primum,
562 860 808 903 postremum
835 853 999 904 quidem
1023 855 1103 892 fere
1129 866 1295 904 semper,
1318 860 1452 893 tamen
1472 853 1556 893 reli·
1578 869 1616 892 10

218 931 298 968 quo
314 918 354 956 in
371 932 487 957 cursu
508 918 695 957 orationis
711 918 942 958 adhibenda
957 926 1015 958 est
1032 918 1282 969 maximeque
1297 933 1389 958 cum
1404 918 1556 970 aliquid

216 991 284 1022 aut
317 985 596 1023 confirmatum
627 993 686 1024 est
718 992 786 1023 aut
820 986 1114 1036 reprehensum.
1175 986 1317 1036 Itaque
1350 986 1401 1024 ad
1432 986 1555 1025 fidem

217 1063 378 1101 quoque
404 1048 500 1104 [vel]
526 1050 742 1102 plurimum
771 1052 873 1089 valet
888 1065 899 1099 3
931 1058 991 1090 est
1019 1050 1126 1090 enim
1154 1050 1411 1102 amplificatio
1439 1053 1558 1092 vehe-

218 1130 330 1155 mens
368 1118 567 1167 quaedam
597 1115 911 1167 argumentati03
950 1123 994 1155 ut
1024 1116 1091 1155 illa
1127 1116 1301 1156 docendi
1334 1130 1464 1166 causa,
1497 1117 1554 1158 sic

158 1188 198 1219 28
218 1183 316 1222 haee
346 1183 639 1222 commovendi.
699 1184 743 1223 C.
777 1185 900 1233 Perge
925 1182 1042 1233 igitur
1072 1182 1212 1222 ordine
1240 1189 1426 1233 quattuor
1454 1183 1553 1223 mihi
1581 1195 1616 1229 ¹5

217 1247 311 1287 istas
343 1248 464 1299 partis
494 1248 698 1300 explicare.
759 1250 800 1287 P.
825 1247 985 1287 Faciam
1018 1255 1057 1287 et
1087 1261 1110 1286 a
1140 1247 1342 1299 principiis
1380 1249 1553 1300 primum

217 1313 358 1362 ordiar,
381 1327 483 1364 quae
503 1313 666 1365 quidem
693 1315 893 1353 ducuntur
918 1321 986 1352 aut
1007 1327 1053 1352 ex
1078 1313 1257 1364 personis
1277 1321 1345 1353 aut
1371 1327 1419 1354 ex
1437 1315 1556 1355 rebus

216 1378 322 1429 ipsis.
382 1380 601 1418 Sumuntur
627 1386 761 1418 autem
788 1379 905 1418 trium
934 1392 1064 1418 rerum
1089 1378 1235 1429 gratia:
1273 1386 1317 1418 ut
1345 1379 1483 1429 amice,
1515 1388 1558 1420 ut

217 1444 503 1495 intellegenter,
527 1452 570 1484 ut
597 1452 748 1484 attente
776 1445 995 1484 audiamur.
1054 1446 1236 1495 Quorum
1262 1444 1412 1496 primus
1445 1447 1557 1486 locus

219 1517 277 1549 est
296 1509 338 1548 in
357 1510 536 1561 personis
559 1510 702 1550 nostris
727 1510 1039 1562 disceptatorum
1066 1510 1378 1550 adversariorum
1392 1525 1403 1560 3
1432 1525 1454 1551 e
1473 1511 1558 1562 qui·
1579 1522 1618 1546 ²0

219 1575 293 1614 bus
308 1575 419 1614 initia
431 1575 733 1615 benevolentiae
748 1575 1021 1615 conciliandae
1036 1584 1315 1627 comparantur
1326 1584 1394 1616 aut
1409 1576 1557 1616 meritis
1578 1625 1582 1630 ι

218 1641 362 1680 nostris
392 1648 460 1680 aut
488 1641 679 1692 dignitate
707 1649 775 1680 aut
803 1641 938 1692 aliquo
966 1655 1110 1693 genere
1138 1641 1290 1681 virtutis
1320 1650 1359 1682 et
1387 1642 1558 1682 maxime

218 1706 462 1746 liberalitatis
493 1707 597 1747 offici
627 1706 798 1746 iustitiae
827 1707 921 1747 fidei
936 1722 946 1756 3
974 1707 1259 1759 contrariisque
1282 1708 1399 1747 rebus
1426 1707 1467 1747 in
1492 1709 1559 1747 ad-

219 1772 409 1812 versarios
430 1772 680 1812 conferendis
701 1780 740 1812 et
760 1787 852 1812 cum
879 1772 935 1812 eis
959 1773 1028 1824 qui
1054 1773 1278 1824 disceptant
1305 1773 1438 1825 aliqua
1466 1787 1559 1813 con-

220 1839 434 1878 iunctionis
467 1846 535 1878 aut
568 1853 688 1878 causa
720 1846 788 1878 aut
827 1852 897 1890 spe
931 1838 1216 1890 significanda3
1257 1847 1296 1879 et
1334 1838 1366 1878 si
1403 1838 1446 1878 in
1482 1853 1556 1879 nos
1579 1853 1618 1886 ²5

218 1904 383 1955 aliquod
398 1904 536 1944 odium
553 1904 771 1944 offensiove
786 1906 943 1943 conlata
959 1904 1018 1953 sit,
1037 1918 1084 1944 ea
1098 1906 1275 1944 tollenda
1291 1903 1558 1945 minuendave

219 1978 287 2009 aut
314 1970 505 2010 diluendo
533 1978 601 2009 aut
630 1972 883 2010 extenuando
912 1978 980 2010 aut
1003 1972 1304 2022 compensando
1330 1977 1399 2009 aut
1423 1971 1560 2022 depre-

159 2048 200 2080 29
219 2037 360 2075 cando.
421 2037 702 2087 Intellegenter
729 2044 862 2076 autem
894 2043 937 2075 ut
966 2036 1175 2075 audiamur
1203 2043 1243 2075 et
1270 2036 1366 2075 item
1395 2043 1556 2083 attente,

219 2101 270 2140 ab
290 2100 385 2152 ipsis
411 2101 528 2140 rebus
555 2101 794 2141 ordiendum
815 2109 884 2149 est.
943 2103 1023 2141 Sed
1050 2101 1237 2141 facillime
1266 2101 1382 2141 discit
1402 2101 1560 2141 auditor

220 2173 258 2206 et
288 2166 385 2217 quid
411 2174 548 2217 agatur
577 2166 777 2219 intellegit,
801 2167 833 2207 si
860 2169 1125 2218 complectare
1149 2167 1191 2206 in
1214 2166 1408 2218 principio
1433 2181 1558 2218 genus
1581 2177 1622 2210 30

221 2239 482 2283 naturamque
513 2246 667 2281 causae,
704 2232 735 2271 si
767 2232 945 2281 definias,
979 2232 1011 2271 si
1045 2232 1211 2281 dividas,
1245 2232 1277 2271 si
1307 2245 1439 2283 neque
1471 2245 1560 2284 pru-

221 2297 398 2337 dentiam
429 2297 512 2337 eius
541 2297 735 2349 impedias
765 2297 1000 2338 confusione
1027 2298 1199 2350 partium
1227 2311 1302 2338 nec
1325 2297 1558 2338 memoriam

265 2397 285 2426 8
309 2401 343 2427 et
360 2407 426 2429 om.
444 2396 531 2429 codd.
544 2397 635 2438 plur.
782 2407 822 2437 13
846 2396 900 2428 vel
914 2407 980 2428 om.
997 2396 1032 2428 P
1169 2408 1212 2429 20
1235 2408 1254 2429 e
1270 2408 1336 2429 om.
1354 2396 1389 2428 P
1516 2397 1560 2429 26

221 2439 388 2470 collocata
405 2440 438 2470 P
