1696 2730
249 166 305 205 13
645 156 702 196 Μ.
743 156 913 196 TVLLI
953 155 1265 197 CICERONIS

244 283 267 316 4
285 281 445 308 movere
475 266 754 308 necessarium.
814 269 931 307 Haec
961 275 1005 307 ut
1037 267 1136 307 alius
1175 266 1316 306 melius
1355 280 1475 318 quam
1509 266 1618 315 alius,

285 334 592 374 concedendum
627 340 686 373 est
700 348 712 383 3
752 347 889 373 verum
920 332 962 373 id
1000 334 1044 373 fit
1082 346 1163 373 non
1197 346 1341 384 genere
1374 333 1446 372 sed
1482 334 1618 384 gradu.

285 398 495 450 Optimum
525 399 689 451 quidem
716 413 842 438 unum
869 406 928 439 est
957 406 995 446 et
1018 398 1242 451 proximum
1272 399 1383 450 quod
1413 398 1450 438 ei
1476 398 1622 438 similli-

284 478 406 503 mum.
463 466 523 504 Ex
543 478 624 515 quo
644 464 898 515 perspicuum
919 472 989 513 est,
1008 466 1118 516 quod
1139 463 1291 515 optimo
1311 463 1619 504 dissimillimum

238 540 265 569 2
283 529 343 577 sit,
365 529 407 569 id
427 543 514 570 esse
540 529 808 569 deterrimum.
868 531 974 569 Nam
995 529 1186 581 quoniam
1213 529 1441 580 eloquentia
1464 537 1620 569 constat
1639 542 1656 574 5

283 609 330 635 ex
360 595 489 635 verbis
528 603 567 635 et
605 609 652 635 ex
690 595 907 644 sententiis,
940 596 1227 647 perficiendum
1262 602 1332 643 est,
1365 602 1409 634 ut
1445 608 1543 646 pure
1581 602 1621 635 et

283 662 494 701 emendate
522 662 744 712 loquentes,
773 662 883 713 quod
910 669 969 701 est
999 661 1151 709 Latine,
1179 660 1390 700 verborum
1419 667 1621 712 praeterea

282 734 320 766 et
339 726 588 778 propriorum
609 734 648 766 et
667 728 944 766 translatorum
971 726 1206 778 elegantiam
1232 739 1538 777 persequamur:
1578 725 1620 765 in

281 791 448 843 propriis
468 799 511 831 ut
526 791 744 832 lautissima
766 791 967 843 eligamus,
982 791 1023 830 in
1039 792 1235 831 translatis
1255 799 1299 831 ut
1318 791 1619 831 similitudinem

242 871 261 904 5
282 857 408 896 secuti
426 859 651 898 verecunde
675 865 832 897 utamur
851 857 1000 898 alienis.
1060 857 1353 897 Sententiarum
1378 865 1513 896 autem
1533 857 1620 898 toti·
1640 867 1680 890 10

281 924 374 962 dem
416 937 561 975 genera
605 931 697 963 sunt
738 932 837 975 quot
874 924 955 964 dixi
994 937 1079 963 esse
1117 925 1293 963 laudum.
1370 924 1470 963 Sunt
1511 923 1618 963 enim

282 988 457 1027 docendi
500 996 651 1037 acutae,
698 989 924 1029 delectandi
969 988 1082 1041 quasi
1125 996 1296 1041 argutae,
1337 988 1619 1028 commovendi

280 1068 427 1105 graves.
487 1055 565 1094 Sed
595 1062 634 1094 et
663 1055 873 1095 verborum
903 1063 962 1095 est
991 1062 1184 1095 structura
1208 1056 1405 1106 quaedam
1432 1055 1531 1094 duas
1556 1068 1616 1095 res

280 1119 465 1168 efficiens,
496 1134 707 1159 numerum
737 1127 776 1159 et
804 1119 1016 1169 levitatem,
1048 1128 1087 1160 et
1115 1120 1336 1160 sententiae
1365 1134 1477 1160 suam
1511 1134 1617 1160 com-

278 1184 519 1236 positionem
548 1186 708 1234 habent‚
737 1191 774 1225 et
796 1187 848 1226 ad
875 1187 1126 1238 probandam
1154 1200 1237 1226 rem
1265 1187 1615 1226 accommodatum
1638 1197 1676 1230 15

279 1251 472 1290 ordinem.
550 1252 629 1291 Sed
667 1265 803 1290 earum
841 1252 1022 1292 omnium
1059 1266 1189 1292 rerum
1229 1251 1289 1306 [ut
1326 1251 1614 1306 aedificiorum]

240 1319 260 1353 6
280 1316 472 1356 memoria
500 1324 559 1356 est
586 1316 698 1368 quasi
724 1318 1041 1366 fundamentum,
1074 1319 1211 1357 lumen
1234 1317 1352 1357 actio.
1410 1320 1470 1357 Ea
1501 1317 1618 1370 igitur

280 1381 415 1421 omnia
430 1381 470 1420 in
487 1395 567 1433 quo
583 1395 739 1421 summa
751 1389 875 1431 erunt,
893 1382 965 1422 erit
981 1382 1288 1434 perfectissimus
1304 1390 1435 1422 orator
1448 1398 1459 1432 3
1478 1382 1519 1422 in
1535 1396 1616 1434 quo

280 1446 422 1495 media,
446 1447 681 1497 mediocris3
710 1447 751 1486 in
772 1462 852 1499 quo
873 1448 1048 1498 minima,
1072 1448 1319 1488 deterrimus.
1374 1450 1427 1488 Et
1445 1450 1617 1500 appella-

278 1513 427 1552 buntur
446 1527 586 1553 omnes
615 1521 800 1562 oratoreS,
822 1521 866 1553 ut
893 1514 1064 1566 pictores
1093 1515 1342 1565 appellantur
1365 1514 1483 1554 etiam
1509 1514 1612 1563 mali,
1636 1528 1677 1552 20

278 1592 353 1618 nec
372 1578 582 1630 generibus
602 1578 704 1618 inter
730 1593 827 1628 sese,
850 1581 920 1619 sed
940 1579 1193 1619 facultatibus
1220 1579 1413 1620 different.
1472 1582 1616 1632 Itaque

278 1657 398 1683 nemo
425 1651 484 1683 est
510 1651 641 1683 orator
671 1644 739 1695 qui
767 1644 1033 1684 Demostheni
1055 1659 1092 1684 se
1118 1644 1287 1684 similem
1314 1644 1414 1684 nolit
1433 1658 1519 1685 esse
1534 1660 1545 1695 3
1576 1654 1617 1686 at

279 1710 504 1749 Menander
525 1709 695 1749 Homeri
724 1709 852 1749 noluit
865 1725 876 1759 3
904 1724 1029 1762 genus
1049 1710 1156 1750 enim
1184 1717 1265 1750 erat
1284 1710 1405 1750 aliud.
1463 1712 1513 1751 Id
1533 1725 1614 1751 non

277 1782 336 1814 est
356 1774 397 1813 in
417 1775 638 1815 oratoribus
653 1783 734 1825 aut,
747 1775 867 1815 etiam
887 1775 919 1815 si
939 1784 998 1815 est
1013 1783 1057 1815 ut
1075 1776 1173 1815 alius
1193 1775 1423 1827 gravitatem
1443 1790 1614 1828 sequens

277 1840 537 1880 subtilitatem
556 1840 689 1891 fugiat,
713 1848 851 1880 contra
873 1841 972 1880 alius
999 1841 1216 1881 acutiorem
1243 1855 1286 1895 se
1305 1855 1426 1893 quam
1446 1842 1615 1882 ornatio-
1634 1860 1650 1882 2
1657 1859 1675 1893 5

277 1919 360 1945 rem
390 1906 494 1954 velit,
525 1905 645 1945 etiam
679 1905 711 1945 si
741 1914 800 1946 est
825 1905 867 1944 in
895 1921 1038 1958 genere
1064 1906 1269 1955 tolerabili,
1303 1914 1408 1947 certe
1439 1921 1522 1947 non
1555 1916 1614 1948 est

278 1971 317 2010 in
350 1971 514 2022 optimo,
548 1971 581 2011 si
610 1971 785 2023 quidem,
819 1973 930 2023 quod
968 1972 1098 2012 omnis
1135 1974 1273 2012 laudes
1307 1973 1439 2020 habet,
1474 1972 1516 2013 id
1554 1981 1614 2013 est

277 2036 489 2087 optimum.

233 2097 257 2134 3
333 2103 448 2141 Haec
476 2109 611 2141 autem
631 2101 712 2141 dixi
736 2102 892 2142 brevius
922 2102 1086 2154 quidem
1113 2117 1233 2154 quam
1257 2117 1317 2143 res
1346 2103 1520 2155 petebat,
1541 2105 1611 2144 sed

239 2158 255 2190 7
275 2168 327 2206 ad
365 2166 406 2207 id
440 2169 550 2218 quod
580 2167 733 2219 agimus
767 2181 850 2207 non
883 2167 956 2208 fuit
993 2168 1210 2208 dicendum
1244 2168 1421 2220 pluribus
1435 2183 1448 2218 3
1486 2183 1611 2208 unum
1631 2180 1696 2218 30²

276 2232 383 2271 enim
417 2246 509 2271 cum
539 2232 587 2272 sit
610 2246 746 2284 genus,
775 2233 816 2273 id
845 2235 962 2285 quale
995 2233 1044 2273 sit
1073 2234 1309 2285 quaerimus.
1374 2235 1446 2274 Est
1477 2242 1612 2274 autem

322 2338 360 2368 14
384 2328 558 2360 lenitatem
575 2329 698 2360 maluit
712 2329 845 2369 Bentley
863 2328 927 2370 (ad
940 2328 1026 2361 Hor.
1045 2329 1122 2361 Art.
1142 2329 1230 2362 Poet.
1249 2329 1307 2370 26)
1424 2338 1463 2369 15
1487 2334 1522 2362 et
1537 2329 1615 2362 add.

273 2370 462 2402 Lambinus
555 2374 594 2403 16
618 2378 654 2404 ut
670 2373 903 2404 aedificiorum
913 2373 982 2406 secl.
996 2372 1186 2404 Lambinus
1277 2375 1317 2404 18
1340 2373 1374 2404 in
1392 2384 1460 2412 quo
1483 2383 1615 2405 summa

274 2419 375 2446 erunt
403 2415 613 2448 Lambinus:
648 2416 683 2447 in
711 2427 854 2457 quorum
878 2415 941 2448 GP
1112 2417 1382 2457 perfectissimus
1400 2416 1613 2449 Lambinus:

274 2458 500 2498 peritissimus
523 2459 612 2492 codd.
778 2470 818 2500 19
843 2461 885 2492 Et
901 2460 991 2492 codd.
1010 2471 1017 2492 :
1043 2460 1113 2493 Sed
1129 2461 1252 2492 maluit
1260 2460 1357 2501 Jahn
1509 2471 1552 2494 22
1574 2471 1613 2493 se

272 2501 350 2534 add.
368 2502 482 2535 Aldus
570 2505 613 2535 26
635 2504 812 2536 tolerabile
827 2504 862 2535 P
952 2501 957 2506 ’
