1696 2730
162 144 213 193 38
237 161 300 194 133
607 146 665 184 M.
696 145 867 184 TVLLI
897 145 1208 186 CICERONIS

151 269 215 302 134
232 266 300 298 aut
316 257 507 309 scriptum
522 264 639 308 neget
653 265 722 296 aut
737 258 1037 297 contrafactum
1052 257 1250 297 infitietur.
1288 258 1384 297 Post
1398 255 1571 296 iudicem

231 325 284 363 ad
317 323 398 363 vim
432 322 566 374 scripti
594 330 721 362 vocet.
786 324 878 362 Hac
905 322 1206 363 confirmatione
1235 336 1329 362 usus
1358 322 1574 373 amplificet

231 402 314 428 rem
353 390 439 440 lege
472 389 674 428 laudanda
710 387 1000 440 audaciamque
1038 390 1216 428 confutet
1249 387 1334 428 eius
1365 387 1444 439 qui,
1480 401 1572 428 cum

231 456 362 505 palam
390 462 527 493 contra
553 453 688 493 fecerit
714 453 836 504 idque
863 454 1040 502 fateatur,
1062 453 1166 493 adsit
1185 461 1319 493 tamen
1343 454 1574 504 factumque

232 521 433 559 defendat.
498 519 657 559 Deinde
690 518 862 558 infirmet
891 518 1177 567 defensionem,
1206 533 1299 558 cum
1327 517 1574 558 adversarius
1593 529 1610 563 5

233 585 342 625 aliud
379 585 552 625 voluisse
588 585 698 624 aliud
735 584 905 624 sensisse
943 584 1185 636 scriptorem,
1225 583 1333 624 aliud
1371 583 1573 635 scripsisse

232 651 351 700 dicat,
373 665 455 690 non
482 664 568 690 esse
594 651 802 690 ferendum
829 663 852 688 a
871 663 1074 701 quoquam
1096 650 1227 701 potius
1252 649 1385 689 latoris
1411 662 1573 689 sensum

233 731 354 768 quam
384 731 407 756 a
435 719 520 768 lege
550 715 744 767 explicari.
804 717 885 756 Cur
914 715 967 754 ita
998 715 1209 767 scripserit,
1234 715 1266 754 si
1295 715 1350 755 ita
1377 729 1460 754 non
1489 728 1575 754 sen-

233 782 354 822 serit?
401 784 494 832 Cur,
533 797 625 823 cum
664 796 711 822 ea
749 795 851 833 quae
889 783 1007 832 plane
1050 781 1195 832 scripta
1232 780 1310 820 sint
1347 779 1570 831 neglexerit,

233 861 336 898 quae
370 863 568 900 nusquam
602 848 747 899 scripta
779 847 857 886 sint
886 848 1085 898 proferat?
1133 847 1215 886 Cur
1242 845 1572 897 prudentissimos
1597 854 1634 879 ¹0

233 913 274 952 in
295 914 507 954 scribendo
522 914 625 954 viros
646 927 826 953 summae
846 912 1034 952 stultitiae
1053 920 1166 964 putet
1185 925 1272 952 esse
1291 913 1573 952 damnandos?

235 979 346 1029 Quid
365 979 591 1030 impedierit
609 979 840 1031 scriptorem
861 992 942 1029 quo
962 978 1093 1017 minus
1114 977 1310 1028 exciperet
1330 977 1438 1025 illud,
1461 978 1573 1028 quod

234 1045 491 1093 adversarius,
519 1053 723 1096 tamquam
754 1044 786 1084 si
815 1051 1025 1095 exceptum
1053 1050 1168 1091 esset,
1192 1042 1247 1082 ita
1275 1056 1317 1082 se
1343 1042 1440 1082 dicit
1465 1055 1574 1082 secu-

153 1120 215 1155 ¹35
235 1113 351 1150 tum?
396 1113 539 1150 Vtetur
564 1110 754 1162 exemplis
783 1110 840 1149 eis
873 1110 1018 1161 quibus
1043 1109 1152 1149 idem
1181 1107 1347 1159 scriptor
1369 1115 1448 1156 aut,
1470 1107 1503 1147 si
1530 1107 1573 1147 id

234 1190 314 1215 non
349 1176 506 1228 poterit,
537 1176 682 1227 quibus
715 1176 780 1215 alii
811 1177 921 1227 quod
953 1174 1233 1226 excipiendum
1262 1173 1436 1225 putarint
1464 1187 1574 1214 exce·
1593 1183 1632 1218 15

233 1242 372 1293 perint.
432 1243 672 1291 Quaerenda
700 1241 819 1281 etiam
846 1240 944 1280 ratio
970 1248 1039 1289 est,
1069 1240 1101 1279 si
1125 1253 1204 1290 qua
1228 1239 1372 1291 poterit
1394 1238 1570 1287 inveniri,

234 1321 313 1358 qua
336 1321 377 1346 re
400 1321 482 1347 non
506 1307 555 1345 sit
575 1314 810 1357 exceptum:
843 1313 911 1345 aut
936 1305 1074 1356 iniqua
1099 1306 1161 1344 lex
1186 1311 1254 1343 aut
1273 1303 1423 1343 inutilis
1444 1305 1575 1343 futura

234 1370 388 1409 dicetur
415 1377 483 1409 aut
512 1370 587 1408 alia
621 1383 740 1408 causa
773 1367 1077 1419 obtemperandi
1109 1367 1186 1406 alia
1217 1366 1436 1417 abrogandi
1450 1381 1460 1414 ;
1498 1365 1575 1405 dis·

234 1436 379 1476 sentire
406 1434 602 1475 adversari
630 1448 771 1474 vocem
805 1442 925 1485 atque
950 1433 1057 1484 legis.
1118 1432 1276 1472 Deinde
1302 1430 1573 1483 amplificandi

234 1515 354 1541 causa
393 1502 444 1540 de
486 1500 768 1540 conservandis
810 1499 974 1550 legibus,
1015 1500 1066 1538 de
1107 1497 1284 1549 periculo
1322 1496 1572 1548 publicarum
1593 1504 1636 1530 20

160 1598 217 1637 39
235 1581 363 1606 rerum
393 1574 513 1618 atque
539 1566 777 1617 privatarum
806 1579 898 1604 cum
927 1564 1013 1603 aliis
1041 1563 1140 1602 locis
1165 1570 1251 1601 turn
1279 1562 1321 1601 in
1349 1562 1573 1613 perorando

154 1649 216 1690 136
236 1632 406 1671 maxime
426 1631 593 1683 graviter
611 1631 683 1670 erit
702 1632 1037 1680 vehementerque
1057 1629 1284 1668 dicendum.
1341 1628 1414 1667 Ille
1439 1634 1573 1666 autem

109 1693 113 1696 ⁴
235 1698 305 1749 qui
344 1711 385 1737 se
423 1696 619 1737 sententia
656 1695 752 1747 legis
790 1703 830 1735 et
863 1697 1067 1735 voluntate
1105 1694 1294 1733 defendet
1327 1692 1368 1731 in
1406 1691 1574 1731 consilio

234 1771 354 1814 atque
388 1763 429 1802 in
467 1770 602 1802 mente
640 1761 850 1812 scriptoris,
883 1774 965 1800 non
1002 1760 1044 1799 in
1077 1759 1206 1800 verbis
1243 1772 1290 1798 ac
1323 1757 1460 1797 litteris
1493 1756 1574 1796 vim

235 1829 330 1880 legis
350 1828 521 1880 positam
548 1842 634 1868 esse
660 1828 849 1867 defendet
870 1827 1060 1878 quodque
1086 1824 1185 1863 nihil
1211 1823 1408 1875 exceperit
1426 1823 1468 1862 in
1487 1824 1574 1873 lege
1595 1832 1633 1864 ²5

233 1895 423 1942 laudabit,
445 1908 496 1933 ne
523 1893 764 1933 deverticula
789 1892 963 1944 peccatis
989 1893 1176 1932 darentur
1202 1897 1321 1940 atque
1339 1895 1384 1927 ut
1403 1902 1450 1928 ex
1469 1889 1575 1927 facto

234 1959 426 2010 cuiusque
455 1959 574 1999 iudex
602 1958 698 2010 legis
727 1965 904 1997 mentem
930 1956 1258 2007 interpretaretur.
1319 1953 1477 1993 Deinde
1503 1952 1575 1993 erit

235 2026 429 2064 utendum
461 2023 661 2076 exemplis,
690 2023 732 2062 in
761 2023 906 2074 quibus
941 2021 1071 2061 omnis
1100 2019 1279 2072 aequitas
1311 2019 1574 2070 perturbetur,

154 2092 215 2129 ¹37
235 2090 267 2129 si
290 2090 419 2130 verbis
446 2092 578 2141 legum
605 2103 652 2129 ac
678 2103 760 2128 non
787 2087 992 2128 sententiis
1015 2094 1205 2139 pareatur.
1266 2084 1425 2124 Deinde
1447 2097 1573 2135 genus

235 2156 318 2196 eius
339 2155 449 2195 modi
469 2154 694 2195 calliditatis
718 2162 757 2194 et
776 2152 999 2193 calumniae
1018 2153 1192 2191 trahatur
1211 2151 1253 2190 in
1272 2149 1410 2189 odium
1430 2148 1574 2188 iudicis
1592 2157 1636 2190 30

234 2235 325 2260 cum
342 2222 516 2272 quadam
536 2220 733 2259 invidiosa
746 2220 931 2270 querella.
991 2220 1044 2257 Et
1063 2217 1095 2256 si
1114 2216 1264 2255 incidet
1282 2213 1574 2266 imprudentiae

236 2301 365 2336 causa,
388 2300 490 2338 quae
517 2300 598 2326 non
624 2287 677 2326 ad
696 2285 898 2332 delictum,
921 2285 991 2324 sed
1012 2284 1064 2323 ad
1084 2295 1220 2322 casum
1246 2279 1573 2322 necessitatemve

279 2400 300 2429 3
325 2395 497 2430 computet
513 2390 565 2422 P:
589 2401 634 2422 an
647 2391 823 2430 amputet?
846 2387 1008 2422 Friedn'ch
1139 2387 1161 2418 6
1184 2385 1275 2418 aliud
1293 2384 1444 2417 sensisse
1459 2383 1514 2416 P:
1538 2386 1575 2415 et

238 2434 389 2466 sensisse
404 2433 529 2465 Piderit
658 2445 681 2476 9
705 2444 745 2465 ea
762 2443 849 2474 quae
865 2431 955 2465 codd.
971 2443 979 2463 ι
1005 2441 1045 2463 ea
1059 2430 1093 2464 P
1204 2431 1247 2461 28
1270 2428 1504 2470 propendetur
1519 2426 1573 2460 P:

235 2478 469 2523 perpendetur
476 2482 503 2519 p
