1696 2730
143 148 195 196 85
218 163 278 196 292
573 147 630 185 M.
671 147 842 185 TVLLI
883 145 1194 186 CICERONIS

216 259 401 312 Epicuro,
435 259 504 311 qui
537 259 578 299 id
615 259 879 310 reprehendit,
915 258 1119 298 assentior.
1179 259 1259 298 Sed
1296 257 1338 296 in
1375 257 1549 306 historia,

215 339 294 377 qua
315 333 357 364 tu
378 339 419 364 es
440 339 534 364 usus
555 325 595 363 in
617 325 727 364 omni
747 338 941 372 sermone,
964 337 1057 363 curn
1078 323 1205 374 qualis
1232 323 1401 374 quisque
1421 331 1552 363 orator

214 391 351 430 fuisset
367 404 594 442 exponeres,
610 390 700 429 vide
721 403 881 440 quaeso,
897 389 1036 440 inquit,
1055 403 1106 428 ne
1126 396 1207 427 tam
1223 390 1553 440 reprehendenda

215 457 264 496 sit
302 456 428 496 ironia
461 470 581 507 quam
620 455 660 494 in
696 454 936 494 testimonio.
996 456 1191 504 Quorsus,
1217 454 1395 505 inquam,
1422 454 1553 494 istuc?

131 541 194 575 293
215 536 296 561 non
328 522 434 561 enim
468 521 666 572 intellego.
726 519 832 570 Quia
864 519 1051 571 primum,
1081 519 1222 570 inquit,
1255 519 1310 558 ita
1342 519 1552 559 laudavisti
1571 530 1590 563 5

216 589 411 639 quosdam
442 594 616 626 oratores
638 594 681 625 ut
701 585 906 637 imperitos
927 598 1064 636 posses
1084 585 1125 624 in
1156 598 1327 624 errorem
1348 585 1549 625 inducere.

216 653 417 704 Equidem
456 652 496 691 in
528 652 769 703 quibusdam
803 650 925 690 risum
958 650 1022 689 vix
1055 651 1254 699 tenebam,
1287 664 1380 690 cum
1417 650 1554 690 Attico

216 719 356 769 Lysiae
383 719 581 758 Catonem
601 725 780 756 nostrum
807 716 1081 767 comparabas,
1101 730 1290 767 magnum
1310 730 1375 756 me
1394 717 1555 756 hercule

215 784 420 823 hominem
447 785 509 822 vel
533 783 665 834 potius
693 795 893 822 summum
924 789 963 821 et
987 781 1225 832 singularem
1250 781 1555 822 virum—nemo

215 849 322 888 dicet
351 863 519 888 secus—
533 864 543 897 3
572 850 643 888 sed
673 849 900 887 oratorem?
934 848 1006 887 sed
1035 847 1155 887 etiam
1185 846 1326 898 Lysiae
1355 846 1555 887 similem?
1579 862 1615 885 ιο

217 928 298 965 quo
327 914 425 952 nihil
454 921 585 965 potest
615 927 702 953 esse
730 913 885 964 pictius.
946 914 1057 952 Bella
1086 912 1225 962 ironia,
1249 912 1280 952 si
1310 912 1555 962 iocaremur;

218 980 279 1019 sin
308 981 598 1028 adseveramus,
630 979 720 1018 vide
749 992 801 1018 ne
830 978 966 1029 religio
995 978 1113 1017 nobis
1138 986 1219 1017 tam
1246 977 1477 1018 adhibenda
1505 978 1555 1017 sit

134 1065 197 1097 294
217 1059 337 1096 quam
359 1045 391 1084 si
411 1044 684 1084 testimonium
705 1044 941 1084 diceremus.
986 1046 1073 1094 Ego
1095 1043 1201 1083 enim
1223 1044 1419 1084 Catonem
1441 1051 1555 1083 tuum

216 1118 260 1149 ut
286 1111 427 1160 civem,
447 1118 491 1149 ut
514 1118 753 1159 senatorem,
773 1118 816 1149 ut
842 1109 1134 1160 imperatorem,
1157 1116 1200 1148 ut
1226 1108 1353 1148 virum
1379 1108 1555 1160 denique

217 1190 309 1215 cum
338 1176 549 1227 prudentia
579 1184 618 1215 et
647 1175 851 1226 diligentia
879 1183 964 1214 turn
995 1175 1105 1214 omni
1125 1174 1268 1214 virtute
1294 1176 1555 1214 excellentem
1577 1192 1616 1225 15

215 1243 344 1293 probo
358 1256 368 1290 5
415 1241 614 1281 orationes
659 1249 792 1280 autern
831 1240 915 1280 eius
960 1248 1003 1279 ut
1041 1240 1116 1279 illis
1151 1239 1397 1291 temporibus
1440 1241 1556 1279 valde

216 1307 618 1357 laudo—significant
646 1307 754 1346 enim
783 1308 952 1346 formam
983 1307 1187 1357 quandam
1217 1305 1363 1357 ingeni,
1394 1307 1465 1345 sed
1490 1307 1558 1345 ad-

217 1374 384 1412 modum
414 1372 637 1423 impolitam
671 1380 711 1411 et
741 1374 858 1423 plane
889 1372 1095 1419 rudem—,
1128 1370 1310 1422 Origines
1339 1384 1432 1410 vero
1462 1385 1557 1411 cum

217 1438 405 1477 omnibus
425 1437 591 1477 oratoris
613 1437 797 1477 laudibus
822 1439 982 1476 refertas
1010 1436 1161 1476 diceres
1186 1444 1225 1475 et
1246 1437 1444 1477 Catonem
1463 1450 1556 1476 cum

218 1503 385 1542 Philisto
414 1511 453 1542 et
479 1503 718 1554 Thucydide
747 1516 1010 1554 comparares,
1034 1504 1211 1541 Brutone
1235 1509 1274 1540 te
1297 1501 1338 1541 id
1365 1502 1556 1541 censebas
1576 1518 1617 1540 20

216 1583 268 1608 an
300 1569 398 1608 mihi
428 1570 717 1620 probaturum?
774 1569 889 1618 Quos
923 1568 1030 1607 enim
1062 1581 1113 1607 ne
1147 1581 1169 1607 e
1201 1567 1363 1607 Graecis
1392 1567 1556 1619 quidem

218 1635 430 1686 quisquam
456 1634 599 1673 imitari
623 1641 767 1685 potest,
788 1633 849 1672 his
876 1641 918 1672 tu
943 1647 1150 1684 comparas
1177 1633 1383 1672 hominem
1406 1635 1558 1672 Tuscu-

145 1730 200 1767 36
218 1703 355 1740 lanum
384 1702 565 1740 nondum
596 1699 863 1751 suspicantem
894 1701 1011 1750 quale
1041 1706 1144 1738 esset
1173 1698 1335 1750 copiose
1358 1706 1398 1738 et
1419 1706 1556 1739 ornate

220 1767 362 1806 dicere.
423 1766 593 1806 Galbam
632 1766 780 1804 laudas.
841 1764 882 1804 Si
919 1772 963 1804 ut
1002 1764 1106 1803 illius
1143 1764 1282 1803 aetatis
1321 1764 1553 1816 principem,

218 1831 532 1871 adsentior—sic
561 1831 668 1871 enim
701 1830 1009 1882 accepimus—;
1049 1830 1110 1869 sin
1143 1838 1187 1869 ut
1215 1837 1422 1878 oratorem,
1454 1832 1556 1870 cedo
1576 1842 1616 1875 ²5

219 1911 368 1949 quaeso
397 1897 744 1937 orationes—sunt
773 1897 976 1936 enim———et
1006 1895 1072 1935 dic
1097 1897 1215 1944 hunc,
1247 1909 1368 1946 quem
1397 1903 1439 1935 tu
1467 1897 1557 1947 plus

220 1977 339 2014 quarn
367 1971 406 2001 te
432 1976 555 2011 amas,
576 1965 743 2001 Brutum
763 1963 864 2001 velle
891 1969 930 2001 te
956 1961 1024 2000 illo
1051 1962 1175 2000 modo
1204 1960 1346 2000 dicere.
1406 1962 1557 2002 Probas

221 2028 364 2079 Lepidi
403 2027 611 2066 orationes.
671 2029 839 2066 Paulum
879 2027 945 2066 hie
984 2026 1055 2066 tibi
1094 2025 1307 2074 adsentior,
1342 2027 1465 2066 modo
1502 2026 1558 2066 ita

220 2095 358 2132 laudes
395 2101 438 2132 ut
469 2093 677 2144 antiquas3
718 2094 827 2144 quod
866 2093 962 2132 item
1001 2094 1052 2132 de
1087 2092 1286 2140 Africano,
1321 2093 1372 2131 de
1404 2091 1552 2140 Laelio,

220 2159 331 2198 cuius
352 2167 394 2198 tu
415 2158 592 2198 oratione
618 2173 738 2210 negas
759 2159 841 2198 fieri
868 2159 1082 2210 quicquam
1109 2172 1227 2210 posse
1252 2157 1418 2206 dulcius,
1439 2157 1555 2197 addis
1573 2169 1618 2203 30

220 2225 338 2264 etiam
373 2224 509 2264 nescio
547 2224 644 2275 quid
682 2224 895 2276 augustius.
957 2224 1133 2263 Nomine
1166 2237 1240 2263 nos
1270 2222 1378 2274 capis
1409 2223 1555 2262 summi

137 1799 198 1833 295

267 2340 283 2369 7
309 2340 385 2361 curn
418 2330 472 2361 L:
518 2331 586 2362 secl.
621 2329 764 2371 Stangl:
803 2340 881 2361 nam
909 2329 1087 2366 Eberhard,
1116 2329 1176 2370 qui
1201 2332 1231 2360 et
1259 2328 1386 2359 coniecit
1409 2332 1446 2360 ut
1478 2339 1554 2360 cum

225 2384 263 2404 12
287 2378 355 2404 tam
372 2378 401 2404 et
415 2384 515 2413 quam
535 2399 541 2406 .
559 2398 566 2405 .
586 2398 594 2406 .
615 2375 805 2406 diceremus
821 2374 889 2406 secl.
908 2373 1080 2405 Eberhard
1278 2383 1318 2413 ¹9
1341 2373 1486 2405 oratoris
1501 2371 1555 2404 L:

221 2418 381 2449 oratoriis
397 2416 587 2449 Lambinus
