1630 2730
673 157 892 198 BRVTVS
1391 162 1450 199 66
1473 177 1535 209 ²35

120 268 277 307 locum:
315 266 371 306 sic
406 269 599 307 Lentulus
636 275 853 308 ceterarum
884 268 1070 308 virtutum
1110 269 1270 309 dicendi
1305 271 1454 310 medio-
1475 287 1490 309 2
1499 287 1537 319 35

119 332 298 372 critatem
334 332 491 372 actione
528 333 751 382 occultavit,
790 333 831 372 in
870 347 949 384 qua
985 336 1180 374 excellens
1218 335 1301 374 fuit.
1366 337 1453 375 Nec

119 398 246 436 multo
275 411 388 437 secus
419 399 461 437 P.
490 399 694 446 Lentulus,
717 398 828 437 cuius
858 407 897 438 et
920 399 1170 450 excogitandi
1199 407 1238 439 et
1261 401 1453 451 loquendi

119 462 343 502 tarditatem
372 464 530 514 tegebat
557 464 707 502 formae
735 464 915 518 dignitas,
944 464 1118 515 corporis
1151 473 1283 504 motus
1312 467 1453 516 plenus

15 566 17 568 ,
81 537 99 569 5
119 534 159 567 et
186 527 279 566 artis
307 535 346 567 et
368 528 595 576 venustatis,
617 528 725 568 vocis
754 537 794 568 et
822 529 992 568 suavitas
1021 537 1060 569 et
1086 530 1328 581 magnitudo.
1389 530 1454 569 Sic

20 585 26 595 ²
118 591 160 631 in
193 593 271 632 hoc
308 593 406 631 nihil
439 601 592 644 praeter
627 593 827 633 actionem
863 594 947 642 fuit,
983 601 1113 633 cetera
1146 595 1265 634 etiam
1300 595 1454 635 minora

118 671 238 708 quarn
271 658 313 696 in
346 658 556 709 superiore.
616 660 672 697 M.
706 659 799 698 Piso
833 659 1029 710 quidquid
1060 660 1209 708 habuit,
1237 661 1376 700 habuit
1406 676 1453 701 ex
1471 645 1527 692 67

117 722 327 774 disciplina
351 723 600 774 maximeque
619 737 667 763 ex
680 724 877 772 omnibus,
901 724 969 775 qui
987 732 1080 764 ante
1100 726 1268 773 fuerunt,
1292 727 1452 766 Graecis
1474 705 1537 745 ²36

12 837 15 841 ⁴
117 788 307 827 doctrinis
337 788 513 828 eruditus
545 788 628 828 fuit.
689 789 846 828 Habuit
874 803 897 828 a
925 798 1064 829 natura
1093 804 1217 841 genus
1247 793 1452 842 quoddam

11 843 14 887 Ῠ
60 870 102 894 ιο
117 853 325 904 acuminis,
352 856 462 906 quod
495 854 613 894 etiam
643 863 725 894 arte
756 854 969 903 limaverat,
1002 858 1112 907 quod
1143 863 1224 895 erat
1255 856 1296 895 in
1328 871 1454 908 repre-

14 913 30 915 M
117 920 340 960 hendendis
376 919 505 959 verbis
544 928 745 959 versutum
783 929 822 960 et
860 922 1007 970 sollers,
1043 922 1114 961 sed
1153 935 1271 972 saepe
1309 930 1452 962 stoma-

117 985 295 1033 chosurn,
321 999 404 1024 non
430 999 649 1036 numquam
676 985 871 1036 frigidum,
893 986 1094 1026 interdum
1120 987 1239 1026 etiam
1265 989 1448 1027 facetum.

118 1051 159 1088 Is
178 1050 354 1089 laborem
377 1048 506 1103 [quasi
525 1049 700 1103 cursum]
721 1052 919 1090 forensem
940 1051 1088 1091 diutius
1114 1066 1197 1092 non
1220 1053 1319 1101 tulit,
1342 1054 1452 1103 quod

23 1158 26 1159 ⁷
116 1122 155 1154 et
181 1128 345 1166 corpore
375 1123 456 1154 erat
487 1115 644 1155 infirmo
672 1124 711 1155 et
739 1116 948 1155 hominum
977 1117 1144 1167 ineptias
1178 1131 1231 1157 ae
1255 1118 1450 1166 stultitias,

60 1198 97 1232 ¹5
116 1193 218 1231 quae
252 1181 504 1220 devorandae
541 1181 657 1220 nobis
697 1189 800 1229 sunt,
836 1195 918 1220 non
956 1183 1106 1221 ferebat
1144 1182 1452 1234 iracundiusque

115 1246 326 1296 respuebat
348 1245 430 1285 sive
455 1259 622 1294 morose,
646 1254 688 1285 ut
707 1247 930 1297 putabatur,
952 1247 1033 1286 sive
1054 1247 1228 1298 ingenuo
1246 1248 1451 1298 liberoque

114 1310 283 1350 fastidio.
344 1313 384 1350 Is
414 1325 506 1350 cum
540 1311 633 1350 satis
663 1311 858 1350 floruisset
883 1314 1128 1361 adulescens,
1157 1313 1287 1352 minor
1315 1313 1451 1352 haberi

115 1384 174 1416 est
202 1384 367 1427 coeptus
395 1384 543 1427 postea.
604 1376 762 1416 Deinde
791 1390 838 1416 ex
864 1377 1058 1428 virginum
1087 1378 1235 1417 iudicio
1265 1391 1450 1429 magnam

7 1455 27 1497 Γ·
114 1443 274 1481 laudem
307 1450 367 1480 est
394 1443 562 1493 adeptus
596 1449 635 1481 et
665 1456 713 1481 ex
742 1455 791 1481 eo
822 1450 1001 1493 tempore
1032 1442 1144 1493 quasi
1174 1451 1380 1483 revocatus
1409 1443 1449 1481 in

8 1492 38 1558 ᾗ·
55 1526 98 1550 20
115 1520 274 1547 cursum
303 1506 430 1546 tenuit
452 1508 585 1546 locum
611 1515 692 1546 tam
722 1506 790 1546 diu
823 1521 943 1558 quam
969 1509 1067 1547 ferre
1093 1508 1223 1559 potuit
1248 1509 1424 1548 laborem
1439 1523 1450 1558 ς

8 1557 36 1627 ςζ
115 1580 254 1624 postea
272 1579 465 1623 quantum
485 1572 652 1611 detraxit
677 1587 724 1612 ex
750 1572 883 1612 studio
903 1581 1057 1612 tantum
1083 1573 1215 1612 amisit
1238 1588 1287 1613 ex
1313 1574 1447 1624 gloria.

18 1630 46 1660 ἷ
115 1639 158 1676 Ρ.
199 1639 369 1676 Murena
408 1637 599 1676 mediocri
641 1637 811 1689 ingenio,
852 1639 923 1676 sed
961 1652 1106 1689 magno
1149 1638 1282 1678 studio
1319 1652 1448 1677 rerum
1470 1648 1530 1684 237

114 1710 301 1751 veterum,
329 1702 544 1742 litterarum
574 1710 614 1742 et
647 1703 846 1742 studiosus
878 1711 916 1742 et
946 1717 1028 1742 non
1059 1703 1274 1754 imperitus,
1301 1705 1449 1743 multae

16 1808 34 1811 *⁷
113 1767 330 1807 industriae
363 1775 402 1807 et
434 1768 567 1818 magni
605 1768 749 1807 laboris
786 1768 869 1807 fuit.
929 1769 974 1808 C.
1008 1768 1251 1809 Censorinus
1286 1769 1448 1808 Graecis

15 1823 30 1843 ’ἦ
55 1855 94 1886 25
113 1833 250 1873 litteris
284 1833 377 1872 satis
411 1835 563 1881 doctus,
592 1835 701 1884 quod
735 1841 993 1884 proposuerat
1022 1834 1222 1884 explicans
1253 1834 1446 1885 expedite,

14 1899 15 1902 ’
114 1911 196 1938 non
219 1898 450 1938 invenustus
475 1906 595 1946 actor,
618 1899 689 1937 sed
714 1898 817 1937 iners
837 1906 876 1937 et
894 1898 1077 1938 inimicus
1097 1897 1180 1938 fori.
1241 1899 1283 1936 L.
1303 1898 1447 1937 Turius

113 1976 234 2014 parvo
270 1963 430 2014 ingenio
468 1965 538 2002 sed
577 1965 703 2003 multo
741 1964 886 2011 labore,
920 1976 1083 2014 quoquo
1122 1964 1245 2002 modo
1279 1971 1443 2014 poterat,

113 2042 230 2080 saepe
259 2029 441 2078 dicebat3
482 2028 614 2079 itaque
643 2028 679 2068 ei
708 2043 857 2080 paucae
887 2028 1086 2068 centuriae
1115 2030 1166 2068 ad
1195 2030 1446 2068 consulatum

113 2095 333 2134 defuerunt.
397 2095 442 2135 C.
478 2096 615 2133 Macer
651 2092 883 2133 aucto'ritate
921 2107 1076 2144 semper
1114 2094 1229 2144 eguit,
1264 2095 1334 2133 sed
1372 2094 1446 2133 fuit
1466 2103 1530 2142 238

31 2176 96 2209 ,30
112 2166 301 2210 patronus
334 2161 625 2210 propemodum
657 2158 990 2210 diligentissimus.
1056 2158 1188 2198 Huius
1227 2159 1258 2198 si
1290 2159 1378 2206 vita,
1414 2159 1446 2198 si

156 2273 176 2294 2
200 2263 234 2294 in
250 2273 318 2303 qua
333 2263 507 2294 excellens
522 2263 583 2294 suit
599 2263 668 2295 secl.
687 2261 837 2293 IVeidner
921 2273 941 2302 5
965 2262 1013 2293 sic
1026 2262 1054 2293 L
1069 2273 1075 2293 :
1100 2262 1159 2293 sed
1174 2262 1293 2294 Orelli:
1316 2262 1445 2294 scilicet

112 2306 237 2348 Stangl
257 2307 318 2347 qui
338 2311 366 2338 et
390 2307 457 2338 secl.
475 2307 605 2338 scilicet
622 2331 629 2337 .
647 2331 654 2338 .
674 2331 682 2338 .
703 2307 881 2347 superiore
1018 2316 1056 2345 13
1080 2305 1179 2346 quasi
1206 2316 1344 2337 cursum
1371 2307 1441 2337 secl.

109 2350 206 2390 Jahn
340 2360 376 2389 17
402 2351 431 2381 is
446 2351 493 2382 L:
517 2351 631 2390 itaque
646 2350 791 2390 Kayser:
815 2350 918 2390 igitur
934 2349 1060 2391 Stangl
1203 2350 1246 2380 28
1269 2359 1374 2390 saepe
1390 2349 1442 2380 L:

113 2399 148 2426 et
163 2404 267 2434 saepe
282 2393 374 2426 Bake
389 2406 397 2426 z
420 2404 591 2435 saepeque
606 2393 730 2436 Stangl
