1696 2730
237 153 265 191 4
291 158 328 181 ιο
639 141 696 180 Μ.
737 140 908 179 TVLLI
949 138 1261 180 CICERONIS

224 263 261 286 11
283 266 354 293 sua
386 253 583 300 facultate,
606 265 688 291 non
717 250 772 290 rei
801 257 940 289 natura
970 249 1195 290 metiuntur.
1255 251 1346 300 Qua
1366 262 1407 288 re
1427 248 1617 300 quoniam

282 331 366 357 non
389 319 588 356 nullorum
613 330 743 356 sermo
767 316 846 355 iam
867 315 1095 364 increbruit,
1116 315 1258 366 partim
1287 328 1330 355 se
1358 314 1466 366 ipsos
1486 314 1618 354 Attice

283 383 426 431 dicere,
444 382 586 434 partim
602 381 804 422 neminem
825 389 1004 435 nostrum
1021 381 1166 430 dicere,
1180 382 1324 420 alteros
1344 381 1598 431 neglegamus
1612 395 1623 429 ;

284 449 377 488 satis
399 448 505 488 enim
526 448 582 488 eis
602 462 663 488 res
683 447 768 499 ipsa
791 449 1018 499 respondet,
1040 461 1133 487 cum
1158 454 1227 486 aut
1253 460 1336 486 non
1359 445 1624 486 adhibeantur

282 516 335 554 ad
355 528 494 554 causas
513 522 581 554 aut
600 513 770 554 adhibiti
790 514 1046 553 derideantur
1059 528 1069 562 3
1098 526 1192 552 nam
1212 511 1245 552 si
1264 512 1494 560 riderentur,
1516 518 1620 552 esset
1645 520 1663 553 5

284 579 326 620 id
360 579 491 631 ipsum
524 579 760 619 Atticorum.
819 581 898 619 Sed
933 578 1002 630 qui
1035 578 1114 618 dici
1144 592 1168 618 a
1201 577 1317 618 nobis
1346 577 1483 617 Attico
1511 591 1621 617 more

284 647 434 694 volunt,
457 646 531 697 ipsi
551 653 686 685 autem
706 659 748 685 se
768 659 851 685 non
871 653 1044 684 oratores
1060 658 1147 684 esse
1166 645 1410 695 profitentur,
1429 643 1461 683 si
1481 651 1637 703 teretes¹

284 711 389 751 auris
409 712 559 751 habent
579 711 892 762 intellegensque
911 710 1115 758 iudicium,
1130 717 1335 761 tamquam
1355 711 1407 750 ad
1426 709 1620 760 picturam

285 777 535 828 probandam
573 777 814 816 adhibentur
851 776 971 815 etiam
1008 775 1123 815 inscii
1161 775 1333 815 faciendi
1370 789 1462 815 cum
1493 775 1625 826 aliqua

160 861 164 863 ·
227 857 263 879 12
286 842 459 882 sollertia
492 842 721 891 iudicandi3
764 841 825 881 sin
869 849 1003 881 autem
1042 841 1352 892 intellegentiam
1390 848 1546 893 ponunt
1583 840 1624 879 in
1647 857 1688 880 10

286 908 478 948 audiendi
508 908 667 947 fastidio
701 921 833 958 neque
866 920 935 947 eos
966 906 1182 958 quicquam
1216 908 1415 946 excelsum
1449 906 1628 958 magnifi-

287 987 461 1024 cumque
499 975 682 1021 delectat‚
717 972 852 1012 dicant
891 986 933 1011 se
971 971 1164 1023 quiddam
1202 971 1347 1012 subtile
1380 979 1419 1012 et
1455 972 1625 1024 politum

287 1041 401 1088 velle,
434 1040 584 1090 grande
617 1046 882 1089 ornatumque
914 1046 1170 1078 contemnere
1184 1053 1194 1087 ;
1235 1038 1276 1078 id
1309 1052 1403 1078 vero
1440 1038 1624 1079 desinant

288 1105 430 1152 dicere,
455 1104 523 1156 qui
552 1104 748 1144 subtiliter
776 1104 921 1152 dicant,
945 1117 1013 1144 eos
1043 1105 1148 1143 solos
1169 1104 1301 1144 Attice
1330 1103 1475 1154 dicere,
1495 1104 1536 1144 id
1565 1113 1624 1145 est

289 1171 402 1222 quasi
422 1171 526 1210 sicce
546 1178 584 1210 et
610 1170 770 1222 integre.
831 1172 883 1209 Et
910 1171 1043 1222 ample
1063 1177 1101 1210 et
1121 1177 1259 1209 ornate
1284 1177 1323 1209 et
1342 1170 1504 1222 copiose
1530 1185 1622 1211 cum
1649 1187 1686 1220 15

289 1238 431 1275 eadem
451 1235 674 1287 integritate
693 1235 917 1275 Atticorum
938 1243 1007 1275 est.
1058 1235 1198 1285 Quid?
1226 1235 1394 1275 dubium
1415 1243 1474 1276 est
1493 1245 1624 1276 utrum

289 1298 510 1338 orationem
542 1306 718 1337 nostram
749 1298 995 1337 tolerabilem
1027 1305 1181 1337 tantum
1219 1312 1271 1337 an
1308 1297 1427 1337 etiam
1461 1298 1626 1338 admira-

290 1363 412 1403 bilem
433 1377 519 1403 esse
549 1363 786 1415 cupiamus?
842 1365 937 1402 Non
957 1363 1065 1403 enim
1091 1363 1170 1402 iam
1199 1363 1425 1414 quaerimus
1452 1364 1549 1415 qu‘id
1577 1365 1628 1404 sit

231 1444 270 1477 13
290 1429 436 1478 Attice,
471 1431 542 1468 sed
573 1428 670 1480 quid
704 1429 754 1468 sit
782 1428 933 1480 optime
965 1429 1107 1469 dicere.
1168 1431 1227 1468 Ex
1261 1442 1342 1480 quo
1374 1429 1622 1482 intellegitur,

290 1494 481 1546 quoniam
511 1496 755 1534 Graecorum
789 1502 989 1534 oratorum
1020 1494 1346 1546 praestantissimi
1379 1495 1458 1535 sint
1491 1495 1528 1536 ei
1558 1496 1627 1548 qui
1650 1515 1692 1538 20

290 1560 435 1599 fuerint
454 1560 636 1608 Athenis,
659 1574 795 1600 eorum
816 1568 950 1600 autem
974 1560 1158 1612 princeps
1178 1560 1292 1600 facile
1318 1563 1622 1611 Demosthenes,

290 1626 398 1664 hunc
419 1625 451 1664 si
471 1625 540 1676 qui
567 1625 750 1673 imitetur,
774 1639 866 1665 eum
886 1633 925 1665 et
946 1626 1078 1665 Attice
1098 1626 1297 1666 dicturum
1324 1634 1363 1666 et
1389 1627 1549 1678 optime,
1572 1635 1625 1676 ut,

291 1690 481 1742 quoniam
511 1690 634 1730 Attici
663 1690 779 1730 nobis
814 1691 1005 1743 propositi
1039 1699 1131 1730 sunt
1158 1693 1211 1731 ad
1244 1691 1494 1740 imitandum,
1525 1692 1628 1732 bene

290 1756 422 1796 dicere
451 1755 492 1795 id
522 1756 571 1795 sit
599 1756 733 1796 Attice
762 1756 904 1796 dicere.

250 1833 274 1872 5
346 1823 426 1861 Sed
447 1835 536 1861 cum
558 1821 599 1860 in
619 1835 668 1861 eo
689 1836 855 1873 magnus
879 1836 985 1862 error
1004 1830 1117 1872 esset,
1140 1825 1257 1875 quale
1283 1831 1386 1863 esset
1405 1823 1446 1863 id
1467 1823 1628 1865 dicendi
1651 1839 1690 1873 25

291 1901 426 1938 genus,
449 1887 585 1938 putavi
610 1887 707 1926 mihi
734 1887 1033 1939 suscipiendum
1060 1889 1237 1928 laborem
1264 1889 1401 1929 utilem
1428 1889 1627 1939 studiosis,

235 1962 274 1993 14
294 1951 391 1990 mihi
430 1952 593 2003 quidem
632 1952 707 2004 ipsi
745 1966 827 1992 non
866 1953 1143 1993 necessarium.
1222 1954 1411 1995 Converti
1443 1955 1550 1995 enim
1584 1970 1632 1996 ex

293 2017 437 2056 Atticis
476 2018 648 2057 duorum
686 2018 1102 2069 eloquentissimorum
1137 2019 1403 2066 nobilissimas
1434 2020 1631 2061 orationes

295 2082 397 2122 inter
425 2096 548 2134 seque
577 2083 803 2132 contrarias,
835 2084 1026 2124 Aeschini
1055 2090 1093 2124 et
1120 2085 1386 2125 Demostheni
1400 2100 1411 2134 5
1443 2099 1518 2125 nec
1541 2100 1634 2126 con-

293 2148 391 2187 verti
420 2155 464 2187 ut
490 2148 691 2200 interpres,
715 2150 786 2188 sed
814 2157 856 2188 ut
883 2157 1024 2198 orator,
1046 2150 1252 2190 sententiis
1281 2150 1408 2190 isdem
1439 2159 1478 2191 et
1497 2165 1632 2191 earum
1655 2165 1695 2196 30

338 2262 357 2291 3
382 2256 536 2284 nostrum
552 2253 641 2294 vulg.
661 2265 669 2285 ι
691 2258 844 2285 vestrum
864 2253 942 2287 GP:
968 2259 1161 2287 nostrorum
1177 2255 1245 2287 cod.
1266 2255 1330 2288 Vit.
1473 2266 1492 2296 7
1515 2256 1634 2287 volunt

297 2295 378 2327 GP:
403 2297 524 2328 nolunt
541 2298 571 2329 ς
705 2308 743 2337 14
768 2297 802 2329 id
819 2303 872 2330 est
889 2297 978 2330 codd.
995 2310 1002 2329 :
1026 2300 1107 2330 item
1124 2299 1266 2331 Hedicke
1399 2308 1437 2340 15
1462 2300 1505 2332 Et
1521 2300 1632 2340 ample

294 2339 405 2371 codd.:
433 2340 543 2371 Etiam
560 2341 672 2381 ample
688 2341 880 2373 Lambinus
1034 2353 1143 2382 22-24
1167 2347 1214 2383 ut,
1233 2343 1394 2383 quoniam
1421 2368 1428 2376 .
1451 2367 1460 2376 .
1487 2368 1495 2376 .
1520 2344 1633 2376 dicere

289 2386 366 2422 post
385 2383 578 2415 Atticorum
608 2389 660 2416 est
684 2385 783 2426 legere
809 2385 931 2417 maluit
953 2384 1179 2418 Lachmann:
1205 2388 1322 2428 utique
1345 2410 1352 2418 .
1376 2409 1385 2419 .
1407 2412 1414 2420 .
1436 2392 1488 2419 est
1513 2388 1635 2419 maluit

294 2425 434 2458 Hedicke
565 2438 608 2468 29
633 2433 667 2460 et
684 2428 760 2462 add.
781 2428 904 2461 Orelli:
926 2440 996 2461 om.
1012 2429 1101 2462 codd.
