1696 2730
138 138 271 177 321113
568 128 626 166 M.
666 128 837 166 TVLLI
878 126 1189 167 CICERONIS

207 246 493 290 compresserat
512 238 657 289 digitos
682 252 943 290 pugnumque
968 240 1123 287 fecerat,
1145 238 1401 278 dialecticam
1417 227 1548 278 aiebat

208 305 293 344 eius
309 304 420 344 modi
435 318 521 344 esse
537 319 545 352 ;
574 318 666 343 cum
685 312 820 343 autem
835 305 1053 344 deduxerat
1072 312 1111 343 et
1126 318 1290 343 manum
1305 304 1546 351 dilataverat,

129 383 192 415 114
208 372 365 422 palmae
401 370 504 409 illius
543 369 711 408 similem
750 369 1020 420 eloquentiam
1059 383 1145 410 esse
1183 370 1353 409 dicebat.
1414 371 1549 421 Atque

209 435 330 476 etiam
357 443 450 474 ante
479 437 586 474 hunc
606 435 839 474 Aristoteles
868 434 1063 486 principio
1091 434 1183 474 artis
1212 434 1431 474 rhetoricae
1453 434 1550 474 dicit

209 501 317 540 illam
343 508 467 540 artem
488 500 601 551 quasi
629 514 677 539 ex
699 501 820 539 altera
848 508 958 551 parte
983 502 1224 552 respondere
1244 500 1485 549 dialecticae,
1507 508 1551 540 ut
1570 516 1587 549 5

210 568 288 606 hoc
320 566 505 605 videlicet
543 565 726 604 differant
763 565 864 605 inter
897 580 939 605 se
977 567 1087 617 quod
1125 567 1224 605 haec
1257 566 1357 606 ratio
1389 566 1549 606 dicendi

211 631 325 671 latior
344 631 404 679 sit,
426 631 492 670 illa
511 630 702 681 loquendi
722 631 969 670 contractior.
1019 633 1125 671 Volo
1145 631 1261 682 igitur
1279 631 1373 671 huic
1392 645 1551 671 summo

212 711 373 737 omnem
398 710 500 748 quae
528 698 580 736 ad
609 696 826 736 dicendum
856 697 956 736 trahi
985 697 1109 748 possit
1138 697 1331 748 loquendi
1357 697 1550 737 rationem

212 776 298 803 esse
318 770 454 802 notam
472 777 482 810 3
510 776 613 813 quae
633 761 797 812 quidem
817 776 888 810 res,
911 764 1021 813 quod
1042 771 1079 802 te
1103 762 1163 802 his
1183 762 1332 802 artibus
1352 763 1551 803 eruditum

213 828 377 867 minime
397 828 506 876 fallit,
527 827 730 878 duplicem
750 827 891 867 habuit
910 828 1085 868 docendi
1107 828 1223 867 viam.
1283 830 1389 868 Nam
1408 836 1448 868 et
1467 828 1552 879 ipse
1573 846 1612 869 10

213 894 446 932 Aristoteles
473 893 633 932 tradidit
662 901 873 944 praecepta
901 893 1071 944 plurima
1098 894 1319 934 disserendi
1347 902 1386 934 et
1414 902 1554 946 postea

134 975 194 1011 115
214 958 282 1010 qui
311 958 509 998 dialectici
537 958 724 997 dicuntur
752 958 973 1008 spinosiora
1004 961 1128 999 multa
1160 967 1407 1011 pepererunt.
1466 961 1553 1011 Ego

214 1038 306 1063 eum
326 1038 472 1063 censeo
492 1024 561 1074 qui
587 1024 839 1075 eloquentiae
861 1026 980 1064 laude
1005 1026 1173 1065 ducatur
1198 1039 1280 1066 non
1306 1040 1393 1066 esse
1418 1039 1553 1065 earum

213 1103 343 1128 rerum
373 1089 539 1129 omnino
568 1091 719 1137 rudem,
742 1091 813 1129 sed
842 1092 904 1129 vel
932 1090 999 1130 illa
1025 1091 1190 1146 antiqua
1217 1093 1280 1131 vel
1308 1092 1383 1130 hac
1413 1092 1556 1142 Chrys-

213 1154 298 1206 ippi
327 1154 537 1206 disciplina
565 1154 800 1194 institutum.
860 1156 1026 1196 Noverit
1050 1156 1223 1208 primum
1246 1156 1340 1206 vim,
1358 1164 1554 1205 naturam,
1574 1171 1613 1205 15

214 1233 359 1271 genera
388 1221 598 1260 verborum
637 1228 676 1260 et
709 1221 948 1272 simplicium
987 1230 1026 1261 et
1062 1224 1366 1274 copulatorum;
1407 1218 1555 1262 deinde

216 1293 315 1337 quot
344 1285 474 1325 modis
503 1285 681 1337 quidque
709 1286 863 1326 dicatur
878 1301 888 1336 5
917 1301 996 1338 qua
1024 1287 1176 1327 ratione
1198 1301 1335 1328 verum
1360 1289 1556 1327 falsumne

217 1351 266 1390 sit
288 1351 509 1400 iudicetur,·
546 1351 644 1402 quid
674 1352 864 1391 efficiatur
889 1367 912 1392 e
938 1366 1113 1404 quoque,
1133 1354 1231 1405 quid
1256 1353 1402 1404 cuique
1421 1367 1557 1393 conse-

217 1430 344 1468 quens
373 1417 423 1455 sit
451 1406 598 1467 quidve
626 1417 866 1456 contrarium
880 1432 892 1467 3
928 1432 1101 1469 cumque
1129 1418 1315 1470 ambigue
1348 1420 1474 1458 multa
1501 1418 1558 1458 di-

218 1490 367 1530 cantur,
389 1496 471 1532 quo
491 1483 614 1522 modo
634 1482 812 1533 quidque
837 1494 975 1523 eorum
1002 1483 1127 1524 dividi
1146 1484 1425 1536 explanarique
1445 1498 1557 1536 opor·
1575 1503 1620 1527 20.

217 1555 308 1586 teat.
369 1549 484 1586 Haec
504 1549 678 1587 tenenda
697 1556 790 1587 sunt
809 1549 1127 1600 oratori—saepe
1147 1549 1253 1589 enim
1277 1557 1554 1598 occurrunt—,

218 1614 289 1652 sed
309 1612 403 1663 quia
422 1627 493 1652 sua
512 1620 655 1664 sponte
681 1613 923 1664 squalidiora
946 1622 1049 1663 sunt,
1070 1615 1324 1655 adhibendus
1344 1615 1416 1655 erit
1434 1614 1477 1654 in
1496 1615 1557 1655 his

217 1678 461 1729 explicandis
481 1678 646 1729 quidam
666 1679 854 1718 orationis
874 1679 988 1719 nitor.

149 1739 201 1777 33
275 1747 327 1783 Et
360 1744 550 1795 quoniam
585 1744 625 1783 in
659 1744 846 1784 omnibus
880 1759 983 1796 quae
1015 1746 1167 1786 ratione
1197 1747 1392 1786 docentur
1424 1754 1463 1786 et
1495 1746 1558 1786 via

138 1790 201 1822 ¹¹6
217 1809 391 1860 primum
422 1809 748 1849 constituendum
786 1818 846 1850 est
882 1810 981 1861 quid
1018 1811 1196 1862 quidque
1232 1811 1414 1851 sit—nisi
1450 1811 1557 1851 enim
1577 1828 1616 1861 ²5

219 1875 321 1913 inter
340 1888 409 1913 eos
435 1874 503 1925 qui
527 1875 751 1926 disceptant
779 1876 966 1915 convenit
985 1876 1083 1927 quid
1108 1877 1158 1916 sit
1184 1877 1282 1917 illud
1301 1879 1412 1928 quod
1436 1877 1560 1916 ambi-

212 1940 331 1990 gitur,
364 1954 438 1979 nec
472 1948 578 1979 recte
607 1940 746 1980 disseri
774 1955 965 1992 umquam
1000 1956 1074 1982 nec
1106 1943 1159 1982 ad
1187 1942 1335 1982 exitum
1366 1943 1559 1994 perveniri

220 2013 418 2056 potest—-‚
440 2005 675 2056 explicanda
703 2014 762 2045 est
791 2020 909 2058 saepe
935 2007 1063 2047 verbis
1093 2022 1205 2047 mens
1234 2016 1369 2048 nostra
1393 2010 1445 2048 de
1468 2023 1561 2060 qua-

221 2084 300 2121 que
328 2085 369 2110 re
395 2078 514 2121 atque
540 2070 717 2110 involuta
743 2072 798 2111 rei
824 2072 965 2112 notitia
993 2073 1224 2112 definiendo
1248 2073 1463 2125 aperienda
1488 2082 1558 2122 est,

221 2135 254 2174 si
288 2135 450 2187 quidem
485 2144 544 2175 est
578 2137 758 2177 definitio
796 2138 933 2187 oratio,
966 2152 1068 2190 quae
1101 2139 1199 2190 quid
1229 2139 1279 2179 sit
1315 2139 1357 2179 id
1395 2141 1446 2179 de
1479 2153 1561 2191 quo
1579 2157 1620 2189 30

271 2250 311 2270 10
335 2239 437 2271 habet
454 2240 487 2270 A
620 2251 658 2272 12
681 2252 745 2282 ego
761 2243 795 2273 A
812 2254 820 2274 ε
843 2253 927 2282 ergo
943 2243 973 2273 L
1088 2244 1127 2275 18
1151 2254 1171 2274 e
1187 2254 1322 2284 quoque
1336 2243 1370 2274 A
1387 2254 1395 2274 ε
1420 2254 1463 2275 eo
1478 2254 1561 2285 quo-

224 2294 289 2323 que
315 2283 343 2314 L
497 2294 542 2315 20
573 2284 677 2317 dividi
703 2285 794 2319 AL:
828 2286 990 2327 distingui
1018 2287 1145 2318 coniecit
1166 2287 1381 2319 Nesemann:
1413 2287 1563 2319 dilucide

224 2326 401 2366 explanari
427 2327 514 2358 Reid
643 2340 685 2360 22
708 2330 787 2370 quia
802 2330 835 2360 A
854 2342 861 2362 :
884 2332 975 2371 quod
995 2330 1117 2362 OPM:
1139 2341 1208 2371 quo
1223 2331 1273 2362 F:
1298 2331 1456 2372 quoniam
1465 2331 1562 2371 Jahn

224 2371 269 2400 26
291 2370 483 2410 disceptant
502 2371 536 2401 A
555 2383 562 2403 :
585 2372 779 2413 disceptent
797 2372 828 2403 L
917 2375 1008 2415 quod
1030 2375 1087 2406 A:
1112 2375 1154 2406 de
1179 2385 1245 2414 quo
1266 2374 1296 2405 L
1429 2385 1471 2415 27
1495 2375 1562 2407 dis-

225 2424 321 2444 seres
349 2424 495 2453 unquam
524 2426 588 2446 nec
615 2417 658 2447 ad
685 2417 814 2448 exitum
844 2418 1018 2457 perveniri
1046 2423 1144 2458 potes
1169 2419 1202 2449 A
1346 2428 1389 2459 29
1413 2419 1563 2451 involuta

224 2456 461 2488 Hoerncrcum
478 2458 567 2490 codd.
585 2459 671 2491 dcta:
694 2460 865 2492 involutae
881 2460 948 2491 AL
1039 2462 1135 2493 notio
1151 2462 1275 2494 maluit
1286 2461 1412 2494 Piderit
