1696 2730
185 175 316 214 91313
616 163 673 201 M.
714 162 885 200 TVLLI
925 160 1250 227 CICERONIS·

253 278 402 328 plectar
440 289 523 315 non
561 276 670 314 nulla
713 273 832 313 etiam
873 287 975 324 quae
1012 273 1177 312 fortasse
1214 271 1422 312 videantur
1458 272 1591 313 minus

254 341 485 381 necessaria.
545 343 639 380 Erat
667 353 716 379 eo
745 347 924 390 tempore
947 337 988 376 in
1014 337 1131 377 nobis
1157 351 1314 377 summa
1338 338 1532 389 gracilitas
1551 347 1591 379 et

192 448 195 449 γ
254 407 460 446 infirmitas
486 405 672 457 corporis,
695 417 903 456 procerum
925 411 973 459 ‚et
995 411 1116 443 tenue
1138 404 1310 443 collum:
1340 403 1409 455 qui
1431 404 1590 445 habitus

254 481 293 513 et
313 487 415 524 quae
435 474 558 523 figura
577 485 659 510 non
678 471 817 522 procul
835 470 976 509 abesse
999 477 1159 520 putatur
1178 483 1202 508 a
1219 468 1323 509 vitae
1349 469 1535 521 periculo,
1558 470 1590 510 si

253 538 408 578 accedit
437 539 549 578 labor
579 545 618 576 et
648 538 814 575 laterum
847 549 990 586 magna
1020 534 1236 574 contentio.
1296 536 1437 586 quue
1466 536 1590 588 magis
1609 544 1627 577 5
1683 551 1684 554 ’

253 606 331 644 hoc
360 618 428 644 eos
453 603 598 654 quibus
618 616 725 642 eram
751 615 875 649 carus,
898 601 1190 649 commovebat,
1214 602 1324 652 quod
1347 601 1482 640 omnia
1504 602 1590 642 sine

253 670 494 718 remissione,
518 669 602 708 sine
621 668 819 715 varietate,
841 666 879 706 vi
899 680 1056 706 summa
1074 667 1184 707 vocis
1209 674 1249 706 et
1268 667 1389 707 totius
1414 667 1590 719 corporis

169 748 234 780 314
252 735 510 776 contentione
539 734 733 774 dicebam.
794 734 936 783 Itaque
964 746 1057 772 cum
1081 746 1146 772 me
1171 740 1211 772 et
1235 732 1354 772 amici
1379 741 1419 773 et
1444 733 1590 773 medici
1628 737 1632 741 “

252 804 502 842 hortarentur
521 808 565 839 ut
584 813 722 839 causas
746 813 860 850 agere
880 799 1122 847 desisterem,
1145 799 1315 850 quodvis
1337 799 1469 852 potius
1492 799 1590 851 peri-

253 870 387 908 culum
434 867 532 906 mihi
573 867 804 906 adeundum
849 879 970 916 quam
1009 879 1033 904 a
1070 873 1225 917 sperata
1267 865 1430 906 dicendi
1466 865 1589 917 gloria
1608 856 1671 898 10>

252 934 543 974 discedendum
582 931 728 984 putavi.
805 932 885 971 Sed
922 944 1015 970 cum
1053 944 1256 971 censerem
1287 931 1519 971 remissione
1549 939 1588 971 et

252 999 527 1040 moderatione
563 997 673 1037 vocis
710 1005 750 1036 et
787 1005 1035 1037 commutato
1071 1011 1214 1048 genere
1247 996 1410 1037 dicendi
1447 1011 1511 1038 me
1548 1005 1589 1038 et

251 1065 471 1116 periculum
491 1063 613 1103 vitare
642 1076 759 1114 posse
788 1070 828 1102 et
856 1062 1113 1113 temperatius
1142 1062 1285 1111 dicere,
1307 1070 1350 1102 ut
1378 1071 1589 1103 consuetu-

251 1130 387 1170 dinem
416 1129 579 1170 dicendi
612 1137 819 1176 mutarem,
845 1142 892 1168 ea
920 1142 1040 1167 causa
1072 1127 1171 1167 mihi
1198 1127 1239 1167 in
1268 1128 1406 1168 Asiam
1434 1128 1588 1180 profici-

251 1195 389 1236 scendi
409 1195 492 1234 fuit.
553 1196 694 1245 Itaque
714 1207 806 1233 cum
827 1207 955 1233 essem
975 1193 1183 1233 biennium
1202 1202 1378 1234 versatus
1397 1194 1439 1233 in
1458 1194 1586 1234 causis
1606 1204 1646 1239 15
1666 1199 1667 1202 ’

249 1270 289 1301 et
319 1262 398 1301 iam
438 1261 479 1300 in
523 1262 609 1300 foro
647 1260 890 1299 celebratum
928 1273 1063 1299 meum
1107 1273 1257 1300 nomen
1300 1267 1414 1308 esset,
1455 1262 1588 1300 Roma

166 1338 230 1371 315
250 1340 339 1366 sum
368 1329 578 1378 profectus.
647 1327 751 1367 Cum
780 1325 977 1365 venissem
1005 1326 1196 1373 Athenas,
1223 1339 1290 1365 sex
1318 1325 1466 1365 mensis
1494 1339 1587 1365 cum

249 1393 454 1432 Antiocho
480 1392 622 1432 veteris
648 1390 892 1431 Academiae
921 1390 1171 1431 nobilissimo
1204 1399 1244 1431 et
1276 1390 1587 1443 prudentissimo

249 1459 491 1511 philosopho
521 1458 578 1498 fui
611 1457 868 1508 studiumque
898 1457 1176 1508 philosophiae
1213 1471 1434 1509 numquam
1471 1458 1588 1497 inter-
1667 1503 1670 1505 ,

249 1525 414 1564 missum
434 1539 458 1563 a
477 1524 683 1576 primaque
708 1522 980 1563 adulescentia
1005 1525 1157 1562 cultum
1183 1531 1222 1563 et
1245 1537 1402 1575 semper
1423 1531 1585 1564 auctum
1606 1533 1647 1558 ²0
1668 1546 1672 1562 ν,

249 1593 326 1631 hoc
357 1605 489 1630 rursus
520 1603 679 1630 summo
709 1598 870 1629 auctore
903 1597 942 1628 et
975 1591 1139 1629 doctore
1173 1589 1369 1629 renovavi.
1428 1591 1585 1630 Eodem
1664 1583 1668 1589 ’

248 1664 383 1696 tamen
402 1664 581 1707 tempore
601 1655 771 1694 Athenis
790 1656 898 1707 apud
920 1654 1169 1695 Demetrium
1193 1657 1334 1706 Syrum
1353 1662 1527 1695 veterem
1546 1663 1587 1695 et

248 1737 330 1763 non
351 1722 567 1774 ignobilem
583 1721 745 1761 dicendi
765 1720 994 1772 magistrum
1012 1721 1189 1761 studiose
1209 1721 1379 1761 exerceri
1394 1722 1583 1761 solebam.

249 1791 345 1829 Post
373 1803 397 1828 a
425 1802 490 1828 me
519 1787 616 1827 Asia
643 1795 727 1827 tota
755 1795 959 1838 peragrata
988 1794 1048 1827 est
1078 1790 1195 1828 †cum
1226 1786 1391 1826 summis
1420 1786 1584 1838 quidem

248 1854 481 1902 oratoribus,
506 1853 746 1905 quibuscum
773 1853 983 1892 exercebar
1010 1852 1105 1904 ipsis
1133 1852 1350 1892 libentibus
1363 1867 1374 1902 3
1413 1866 1583 1904 quorum
1603 1861 1643 1895 ²5
1662 1862 1696 1882 .-

247 1928 329 1960 erat
366 1919 550 1971 princeps
590 1918 808 1969 Menippus
846 1917 1149 1958 Stratonicensis
1186 1931 1279 1958 meo
1315 1917 1464 1958 iudicio
1501 1925 1586 1958 tota

248 1986 345 2025 Asia
382 1986 457 2024 illis
495 1985 742 2036 temporibus
780 1984 1061 2024 disertissimus
1075 1999 1086 2034 3
1132 1992 1182 2033 et,
1223 1984 1255 2024 si
1295 1984 1394 2024 nihil
1437 1985 1585 2025 habere

248 2051 519 2092 molestiarum
553 2064 628 2090 nec
658 2050 896 2101 ineptiarum
927 2050 1152 2090 Atticorum
1185 2057 1254 2098 est,
1286 2050 1352 2090 hic
1385 2058 1516 2090 orator
1543 2051 1584 2090 in

163 2129 228 2171 316
247 2117 323 2157 illis
360 2116 559 2156 numerari
589 2124 694 2156 recte
732 2124 874 2168 potest.
933 2116 1226 2156 Adsiduissime
1257 2123 1392 2155 autem
1425 2130 1584 2156 mecum

292 2232 312 2262 5
336 2222 468 2253 accedit
482 2221 517 2252 F
518 2221 530 2239 ²
545 2233 552 2254 ε
576 2221 700 2253 accidit
716 2221 745 2252 L
854 2233 891 2254 11
918 2223 1176 2254 desciscendum
1192 2222 1316 2253 maluit
1324 2222 1458 2253 Emesti
1544 2232 1583 2253 12

248 2270 306 2297 et.
327 2291 333 2298 .
354 2290 361 2297 .
383 2266 520 2297 dicendi
536 2266 608 2300 secl.
627 2264 780 2297 Weidner
859 2277 897 2306 14
922 2267 1077 2298 mutarim
1093 2265 1238 2298 FBHM
1251 2277 1258 2297 :
1282 2270 1319 2297 ut
1339 2292 1341 2295 .
1362 2290 1370 2297 .
1389 2289 1397 2297 .
1417 2270 1584 2298 mutarem

247 2310 316 2340 secl.
333 2309 508 2341 Eberhard
654 2311 693 2341 16
717 2314 752 2340 et
769 2310 836 2341 iam
851 2310 902 2342 F:
926 2311 1029 2342 etiam
1048 2309 1077 2341 C
1220 2320 1261 2350 24
1287 2319 1364 2341 cum
1380 2309 1433 2341 L:
1457 2313 1583 2341 etcum

249 2354 340 2394 vulg.
355 2365 362 2384 ε
398 2355 477 2384 dum
502 2364 528 2385 s.
560 2354 680 2385 studeo
709 2353 901 2386 Eberhard:
935 2354 1051 2394 fuique
1083 2363 1158 2385 cum
1189 2353 1340 2394 Kayser:
1378 2359 1412 2384 et
1442 2354 1583 2386 summis

248 2397 386 2472 quigem
403 2407 453 2429 or.
471 2407 551 2429 usus
568 2408 642 2429 sum
660 2397 805 2430 Piderit:
828 2397 953 2444 referta
969 2402 1039 2429 tum
1054 2397 1218 2429 Friedrich
1319 2397 1362 2429 28
1385 2408 1449 2429 nec
1464 2396 1498 2428 F
1497 2395 1582 2429 OG:

247 2446 281 2471 et
