<?xml version="1.0" encoding="UTF-8"?>
<!DOCTYPE html PUBLIC "-//W3C//DTD XHTML 1.0 Transitional//EN"
    "http://www.w3.org/TR/xhtml1/DTD/xhtml1-transitional.dtd">
<html xmlns="http://www.w3.org/1999/xhtml" xml:lang="en" lang="en">
 <head>
  <title>
</title>
<meta http-equiv="Content-Type" content="text/html;charset=utf-8" />
  <meta name='ocr-system' content='tesseract 3.04.00' />
  <meta name='ocr-capabilities' content='ocr_page ocr_carea ocr_par ocr_line ocrx_word'/>
</head>
<body>
  <div class='ocr_page' id='page_1' title='image "./rhetoricarecogno02ciceuoft_0220.png"; bbox 0 0 1696 2730; ppageno 0'>
   <div class='ocr_carea' id='block_1_1' title="bbox 138 174 166 212">
    <p class='ocr_par' dir='ltr' id='par_1_1' title="bbox 138 174 166 212">
     <span class='ocr_line' id='line_1_1' title="bbox 138 174 166 212; baseline 0 -12"><span class='ocrx_word' id='word_1_1' title='bbox 138 174 166 212; x_wconf 94' lang='lat'>4</span> 
     </span>
    </p>
   </div>
   <div class='ocr_carea' id='block_1_2' title="bbox 129 685 167 716">
    <p class='ocr_par' dir='ltr' id='par_1_2' title="bbox 129 685 167 716">
     <span class='ocr_line' id='line_1_2' title="bbox 129 685 167 716; baseline 0 0"><span class='ocrx_word' id='word_1_2' title='bbox 129 685 167 716; x_wconf 82' lang='lat'>¹3</span> 
     </span>
    </p>
   </div>
   <div class='ocr_carea' id='block_1_3' title="bbox 129 1077 167 1108">
    <p class='ocr_par' dir='ltr' id='par_1_3' title="bbox 129 1077 167 1108">
     <span class='ocr_line' id='line_1_3' title="bbox 129 1077 167 1108; baseline 0 0"><span class='ocrx_word' id='word_1_3' title='bbox 129 1077 167 1108; x_wconf 89' lang='lat'>14</span> 
     </span>
    </p>
   </div>
   <div class='ocr_carea' id='block_1_4' title="bbox 132 1626 170 1656">
    <p class='ocr_par' dir='ltr' id='par_1_4' title="bbox 132 1626 170 1656">
     <span class='ocr_line' id='line_1_4' title="bbox 132 1626 170 1656; baseline 0 0"><span class='ocrx_word' id='word_1_4' title='bbox 132 1626 170 1656; x_wconf 84' lang='lat'>15</span> 
     </span>
    </p>
   </div>
   <div class='ocr_carea' id='block_1_5' title="bbox 135 2253 175 2286">
    <p class='ocr_par' dir='ltr' id='par_1_5' title="bbox 135 2253 175 2286">
     <span class='ocr_line' id='line_1_5' title="bbox 135 2253 175 2286; baseline 0 0"><span class='ocrx_word' id='word_1_5' title='bbox 135 2253 175 2286; x_wconf 91' lang='lat'>16</span> 
     </span>
    </p>
   </div>
   <div class='ocr_carea' id='block_1_6' title="bbox 190 165 1167 205">
    <p class='ocr_par' dir='ltr' id='par_1_6' title="bbox 190 165 1167 205">
     <span class='ocr_line' id='line_1_6' title="bbox 190 165 1167 205; baseline 0.001 -2"><span class='ocrx_word' id='word_1_6' title='bbox 190 181 225 203; x_wconf 63' lang='grc' dir='ltr'>ια</span> <span class='ocrx_word' id='word_1_7' title='bbox 548 165 604 203; x_wconf 93' lang='grc' dir='ltr'>Μ.</span> <span class='ocrx_word' id='word_1_8' title='bbox 645 165 816 203; x_wconf 92' lang='lat' dir='ltr'>TVLLI</span> <span class='ocrx_word' id='word_1_9' title='bbox 857 165 1167 205; x_wconf 89' lang='lat' dir='ltr'>CICERONIS</span> 
     </span>
    </p>
   </div>
   <div class='ocr_carea' id='block_1_7' title="bbox 185 274 1594 2297">
    <p class='ocr_par' dir='ltr' id='par_1_7' title="bbox 185 274 1594 2297">
     <span class='ocr_line' id='line_1_7' title="bbox 185 274 1524 323; baseline 0.001 -9"><span class='ocrx_word' id='word_1_10' title='bbox 185 274 398 314; x_wconf 84' lang='lat' dir='ltr'>delectatio</span> <span class='ocrx_word' id='word_1_11' title='bbox 418 274 507 314; x_wconf 88' lang='lat' dir='ltr'>finis</span> <span class='ocrx_word' id='word_1_12' title='bbox 527 282 597 323; x_wconf 91' lang='lat' dir='ltr'>est,</span> <span class='ocrx_word' id='word_1_13' title='bbox 611 274 706 314; x_wconf 89' lang='lat' dir='ltr'>varii</span> <span class='ocrx_word' id='word_1_14' title='bbox 726 282 818 314; x_wconf 91' lang='lat' dir='ltr'>sunt</span> <span class='ocrx_word' id='word_1_15' title='bbox 838 274 997 315; x_wconf 84' lang='lat' dir='ltr'>ordines</span> <span class='ocrx_word' id='word_1_16' title='bbox 1017 274 1267 315; x_wconf 84' lang='lat' dir='ltr'>conlocandi.</span> <span class='ocrx_word' id='word_1_17' title='bbox 1327 277 1432 315; x_wconf 89' lang='lat' dir='ltr'>Nam</span> <span class='ocrx_word' id='word_1_18' title='bbox 1456 282 1524 316; x_wconf 89' lang='lat' dir='ltr'>aut</span> 
     </span>
     <span class='ocr_line' id='line_1_8' title="bbox 186 340 1524 392; baseline 0.001 -13"><span class='ocrx_word' id='word_1_19' title='bbox 186 349 410 392; x_wconf 90' lang='lat' dir='ltr'>temporum</span> <span class='ocrx_word' id='word_1_20' title='bbox 451 348 653 380; x_wconf 92' lang='lat' dir='ltr'>servantur</span> <span class='ocrx_word' id='word_1_21' title='bbox 689 342 833 392; x_wconf 87' lang='lat' dir='ltr'>gradus</span> <span class='ocrx_word' id='word_1_22' title='bbox 870 348 939 380; x_wconf 91' lang='lat' dir='ltr'>aut</span> <span class='ocrx_word' id='word_1_23' title='bbox 975 354 1165 392; x_wconf 87' lang='lat' dir='ltr'>generum</span> <span class='ocrx_word' id='word_1_24' title='bbox 1200 340 1499 381; x_wconf 85' lang='lat' dir='ltr'>distributiones</span> <span class='ocrx_word' id='word_1_25' title='bbox 1513 356 1524 390; x_wconf 83' lang='lat'><em>3</em></span> 
     </span>
     <span class='ocr_line' id='line_1_9' title="bbox 185 405 1524 446; baseline 0 0"><span class='ocrx_word' id='word_1_26' title='bbox 185 414 253 446; x_wconf 89' lang='lat' dir='ltr'>aut</span> <span class='ocrx_word' id='word_1_27' title='bbox 273 420 296 446; x_wconf 90' lang='lat' dir='ltr'>a</span> <span class='ocrx_word' id='word_1_28' title='bbox 315 406 536 446; x_wconf 87' lang='lat' dir='ltr'>minoribus</span> <span class='ocrx_word' id='word_1_29' title='bbox 556 408 608 446; x_wconf 92' lang='lat' dir='ltr'>ad</span> <span class='ocrx_word' id='word_1_30' title='bbox 634 406 785 445; x_wconf 87' lang='lat' dir='ltr'>maiora</span> <span class='ocrx_word' id='word_1_31' title='bbox 807 405 1062 445; x_wconf 86' lang='lat' dir='ltr'>ascendimus</span> <span class='ocrx_word' id='word_1_32' title='bbox 1085 413 1154 445; x_wconf 87' lang='lat' dir='ltr'>aut</span> <span class='ocrx_word' id='word_1_33' title='bbox 1179 420 1203 445; x_wconf 90' lang='lat' dir='ltr'>a</span> <span class='ocrx_word' id='word_1_34' title='bbox 1229 406 1445 446; x_wconf 86' lang='lat' dir='ltr'>maioribus</span> <span class='ocrx_word' id='word_1_35' title='bbox 1471 407 1524 446; x_wconf 89' lang='lat' dir='ltr'>ad</span> 
     </span>
     <span class='ocr_line' id='line_1_10' title="bbox 186 461 1526 523; baseline 0 -12"><span class='ocrx_word' id='word_1_36' title='bbox 186 471 341 511; x_wconf 89' lang='lat' dir='ltr'>minora</span> <span class='ocrx_word' id='word_1_37' title='bbox 360 471 606 520; x_wconf 69' lang='lat' dir='ltr'>delabimur,</span> <span class='ocrx_word' id='word_1_38' title='bbox 635 479 703 510; x_wconf 91' lang='lat' dir='ltr'>aut</span> <span class='ocrx_word' id='word_1_39' title='bbox 723 473 822 510; x_wconf 88' lang='lat' dir='ltr'>haec</span> <span class='ocrx_word' id='word_1_40' title='bbox 842 461 1085 522; x_wconf 84' lang='lat' dir='ltr'>inaequabili</span> <span class='ocrx_word' id='word_1_41' title='bbox 1109 471 1296 511; x_wconf 90' lang='lat' dir='ltr'>varietate</span> <span class='ocrx_word' id='word_1_42' title='bbox 1322 471 1526 523; x_wconf 90' lang='lat' dir='ltr'>distingui-</span> 
     </span>
     <span class='ocr_line' id='line_1_11' title="bbox 186 536 1563 588; baseline 0.001 -12"><span class='ocrx_word' id='word_1_43' title='bbox 186 551 286 586; x_wconf 88' lang='lat' dir='ltr'>mus,</span> <span class='ocrx_word' id='word_1_44' title='bbox 304 551 394 576; x_wconf 90' lang='lat' dir='ltr'>cum</span> <span class='ocrx_word' id='word_1_45' title='bbox 412 550 531 587; x_wconf 87' lang='lat' dir='ltr'>parva</span> <span class='ocrx_word' id='word_1_46' title='bbox 544 536 696 587; x_wconf 86' lang='lat' dir='ltr'>magnis</span> <span class='ocrx_word' id='word_1_47' title='bbox 710 536 904 588; x_wconf 88' lang='lat' dir='ltr'>simplicia</span> <span class='ocrx_word' id='word_1_48' title='bbox 918 536 1142 576; x_wconf 89' lang='lat' dir='ltr'>coniunctis</span> <span class='ocrx_word' id='word_1_49' title='bbox 1158 537 1327 576; x_wconf 91' lang='lat' dir='ltr'>obscura</span> <span class='ocrx_word' id='word_1_50' title='bbox 1339 536 1523 577; x_wconf 89' lang='lat' dir='ltr'>dilucidis</span> <span class='ocrx_word' id='word_1_51' title='bbox 1546 551 1563 583; x_wconf 87' lang='lat'>5</span> 
     </span>
     <span class='ocr_line' id='line_1_12' title="bbox 185 602 1525 654; baseline 0 -12"><span class='ocrx_word' id='word_1_52' title='bbox 185 604 288 642; x_wconf 88' lang='lat' dir='ltr'>laeta</span> <span class='ocrx_word' id='word_1_53' title='bbox 315 602 491 642; x_wconf 87' lang='lat' dir='ltr'>tristibus</span> <span class='ocrx_word' id='word_1_54' title='bbox 520 602 768 642; x_wconf 85' lang='lat' dir='ltr'>incredibilia</span> <span class='ocrx_word' id='word_1_55' title='bbox 796 602 1070 654; x_wconf 90' lang='lat' dir='ltr'>probabilibus</span> <span class='ocrx_word' id='word_1_56' title='bbox 1099 602 1322 651; x_wconf 87' lang='lat' dir='ltr'>inteximus,</span> <span class='ocrx_word' id='word_1_57' title='bbox 1353 616 1456 654; x_wconf 93' lang='lat' dir='ltr'>quae</span> <span class='ocrx_word' id='word_1_58' title='bbox 1483 602 1525 642; x_wconf 92' lang='lat' dir='ltr'>in</span> 
     </span>
     <span class='ocr_line' id='line_1_13' title="bbox 187 668 1526 719; baseline -0.001 -11"><span class='ocrx_word' id='word_1_59' title='bbox 187 668 485 708; x_wconf 89' lang='lat' dir='ltr'>exornationem</span> <span class='ocrx_word' id='word_1_60' title='bbox 502 669 651 708; x_wconf 87' lang='lat' dir='ltr'>cadunt</span> <span class='ocrx_word' id='word_1_61' title='bbox 671 668 816 707; x_wconf 91' lang='lat' dir='ltr'>omnia.</span> <span class='ocrx_word' id='word_1_62' title='bbox 859 669 906 708; x_wconf 94' lang='lat' dir='ltr'>C.</span> <span class='ocrx_word' id='word_1_63' title='bbox 924 668 1045 718; x_wconf 86' lang='lat' dir='ltr'>Quid,</span> <span class='ocrx_word' id='word_1_64' title='bbox 1068 668 1109 706; x_wconf 92' lang='lat' dir='ltr'>in</span> <span class='ocrx_word' id='word_1_65' title='bbox 1125 668 1412 708; x_wconf 89' lang='lat' dir='ltr'>deliberatione</span> <span class='ocrx_word' id='word_1_66' title='bbox 1428 668 1526 719; x_wconf 89' lang='lat' dir='ltr'>quid</span> 
     </span>
     <span class='ocr_line' id='line_1_14' title="bbox 186 735 1527 786; baseline 0 -12"><span class='ocrx_word' id='word_1_67' title='bbox 186 737 371 786; x_wconf 86' lang='lat' dir='ltr'>spectas?</span> <span class='ocrx_word' id='word_1_68' title='bbox 428 737 469 774; x_wconf 92' lang='lat' dir='ltr'>P.</span> <span class='ocrx_word' id='word_1_69' title='bbox 489 735 688 785; x_wconf 91' lang='lat' dir='ltr'>Principia</span> <span class='ocrx_word' id='word_1_70' title='bbox 707 737 769 774; x_wconf 94' lang='lat' dir='ltr'>vel</span> <span class='ocrx_word' id='word_1_71' title='bbox 789 749 870 774; x_wconf 92' lang='lat' dir='ltr'>non</span> <span class='ocrx_word' id='word_1_72' title='bbox 891 737 1010 786; x_wconf 90' lang='lat' dir='ltr'>longa</span> <span class='ocrx_word' id='word_1_73' title='bbox 1028 737 1091 775; x_wconf 91' lang='lat' dir='ltr'>vel</span> <span class='ocrx_word' id='word_1_74' title='bbox 1110 749 1228 786; x_wconf 88' lang='lat' dir='ltr'>saepe</span> <span class='ocrx_word' id='word_1_75' title='bbox 1248 737 1366 775; x_wconf 88' lang='lat' dir='ltr'>nulla.</span> <span class='ocrx_word' id='word_1_76' title='bbox 1426 737 1527 775; x_wconf 89' lang='lat' dir='ltr'>Sunt</span> 
     </span>
     <span class='ocr_line' id='line_1_15' title="bbox 187 796 1528 852; baseline 0.001 -13"><span class='ocrx_word' id='word_1_77' title='bbox 187 801 294 840; x_wconf 90' lang='lat' dir='ltr'>enim</span> <span class='ocrx_word' id='word_1_78' title='bbox 307 802 359 840; x_wconf 91' lang='lat' dir='ltr'>ad</span> <span class='ocrx_word' id='word_1_79' title='bbox 371 796 618 840; x_wconf 82' lang='lat' dir='ltr'>audiendum</span> <span class='ocrx_word' id='word_1_80' title='bbox 633 800 701 851; x_wconf 90' lang='lat' dir='ltr'>qui</span> <span class='ocrx_word' id='word_1_81' title='bbox 714 801 935 840; x_wconf 90' lang='lat' dir='ltr'>deliberant</span> <span class='ocrx_word' id='word_1_82' title='bbox 949 815 1019 840; x_wconf 88' lang='lat' dir='ltr'>sua</span> <span class='ocrx_word' id='word_1_83' title='bbox 1032 815 1151 840; x_wconf 89' lang='lat' dir='ltr'>causa</span> <span class='ocrx_word' id='word_1_84' title='bbox 1162 801 1297 852; x_wconf 87' lang='lat' dir='ltr'>parati.</span> <span class='ocrx_word' id='word_1_85' title='bbox 1329 802 1417 840; x_wconf 93' lang='lat' dir='ltr'>Nec</span> <span class='ocrx_word' id='word_1_86' title='bbox 1431 802 1528 840; x_wconf 91' lang='lat' dir='ltr'>mul—</span> 
     </span>
     <span class='ocr_line' id='line_1_16' title="bbox 187 865 1588 920; baseline -0.001 -15"><span class='ocrx_word' id='word_1_87' title='bbox 187 875 271 905; x_wconf 91' lang='lat' dir='ltr'>tum</span> <span class='ocrx_word' id='word_1_88' title='bbox 286 880 381 906; x_wconf 90' lang='lat' dir='ltr'>sane</span> <span class='ocrx_word' id='word_1_89' title='bbox 402 880 520 918; x_wconf 88' lang='lat' dir='ltr'>saepe</span> <span class='ocrx_word' id='word_1_90' title='bbox 540 868 781 905; x_wconf 89' lang='lat' dir='ltr'>narrandum</span> <span class='ocrx_word' id='word_1_91' title='bbox 799 865 904 920; x_wconf 65' lang='lat' dir='ltr'>[est]</span> <span class='ocrx_word' id='word_1_92' title='bbox 946 868 1018 905; x_wconf 90' lang='lat' dir='ltr'>Est</span> <span class='ocrx_word' id='word_1_93' title='bbox 1034 866 1140 906; x_wconf 91' lang='lat' dir='ltr'>enim</span> <span class='ocrx_word' id='word_1_94' title='bbox 1157 866 1327 906; x_wconf 89' lang='lat' dir='ltr'>narratio</span> <span class='ocrx_word' id='word_1_95' title='bbox 1347 866 1529 918; x_wconf 88' lang='lat' dir='ltr'>praeteri·</span> <span class='ocrx_word' id='word_1_96' title='bbox 1548 881 1588 904; x_wconf 93' lang='lat'>10</span> 
     </span>
     <span class='ocr_line' id='line_1_17' title="bbox 187 932 1525 982; baseline 0.001 -11"><span class='ocrx_word' id='word_1_97' title='bbox 187 940 313 971; x_wconf 90' lang='lat' dir='ltr'>tarum</span> <span class='ocrx_word' id='word_1_98' title='bbox 353 946 482 971; x_wconf 91' lang='lat' dir='ltr'>rerum</span> <span class='ocrx_word' id='word_1_99' title='bbox 521 939 589 971; x_wconf 91' lang='lat' dir='ltr'>aut</span> <span class='ocrx_word' id='word_1_100' title='bbox 622 932 915 982; x_wconf 66' lang='lat' dir='ltr'>praesentium,</span> <span class='ocrx_word' id='word_1_101' title='bbox 958 932 1090 971; x_wconf 89' lang='lat' dir='ltr'>suasio</span> <span class='ocrx_word' id='word_1_102' title='bbox 1127 939 1261 972; x_wconf 90' lang='lat' dir='ltr'>autern</span> <span class='ocrx_word' id='word_1_103' title='bbox 1294 934 1525 981; x_wconf 90' lang='lat' dir='ltr'>futurarum.</span> 
     </span>
     <span class='ocr_line' id='line_1_18' title="bbox 189 997 1526 1048; baseline 0.001 -12"><span class='ocrx_word' id='word_1_104' title='bbox 189 999 281 1048; x_wconf 91' lang='lat' dir='ltr'>Qua</span> <span class='ocrx_word' id='word_1_105' title='bbox 300 1012 341 1037; x_wconf 88' lang='lat' dir='ltr'>re</span> <span class='ocrx_word' id='word_1_106' title='bbox 367 999 419 1037; x_wconf 91' lang='lat' dir='ltr'>ad</span> <span class='ocrx_word' id='word_1_107' title='bbox 446 999 568 1036; x_wconf 88' lang='lat' dir='ltr'>fidem</span> <span class='ocrx_word' id='word_1_108' title='bbox 589 1005 628 1037; x_wconf 88' lang='lat' dir='ltr'>et</span> <span class='ocrx_word' id='word_1_109' title='bbox 647 999 700 1037; x_wconf 88' lang='lat' dir='ltr'>ad</span> <span class='ocrx_word' id='word_1_110' title='bbox 720 1005 874 1037; x_wconf 90' lang='lat' dir='ltr'>motum</span> <span class='ocrx_word' id='word_1_111' title='bbox 901 998 1132 1037; x_wconf 87' lang='lat' dir='ltr'>adhibenda</span> <span class='ocrx_word' id='word_1_112' title='bbox 1152 1006 1212 1037; x_wconf 90' lang='lat' dir='ltr'>est</span> <span class='ocrx_word' id='word_1_113' title='bbox 1231 997 1361 1037; x_wconf 89' lang='lat' dir='ltr'>omnis</span> <span class='ocrx_word' id='word_1_114' title='bbox 1389 997 1526 1038; x_wconf 89' lang='lat' dir='ltr'>oratio.</span> 
     </span>
     <span class='ocr_line' id='line_1_19' title="bbox 189 1062 1528 1114; baseline 0 -11"><span class='ocrx_word' id='word_1_115' title='bbox 189 1064 234 1104; x_wconf 91' lang='lat' dir='ltr'>C.</span> <span class='ocrx_word' id='word_1_116' title='bbox 265 1063 387 1113; x_wconf 86' lang='lat' dir='ltr'>Quid,</span> <span class='ocrx_word' id='word_1_117' title='bbox 416 1063 456 1101; x_wconf 91' lang='lat' dir='ltr'>in</span> <span class='ocrx_word' id='word_1_118' title='bbox 486 1062 642 1103; x_wconf 92' lang='lat' dir='ltr'>iudiciis</span> <span class='ocrx_word' id='word_1_119' title='bbox 671 1077 774 1114; x_wconf 89' lang='lat' dir='ltr'>quae</span> <span class='ocrx_word' id='word_1_120' title='bbox 803 1071 863 1103; x_wconf 89' lang='lat' dir='ltr'>est</span> <span class='ocrx_word' id='word_1_121' title='bbox 889 1063 1143 1103; x_wconf 87' lang='lat' dir='ltr'>conlocatio?</span> <span class='ocrx_word' id='word_1_122' title='bbox 1190 1066 1232 1103; x_wconf 91' lang='lat' dir='ltr'>P.</span> <span class='ocrx_word' id='word_1_123' title='bbox 1262 1065 1359 1103; x_wconf 92' lang='lat' dir='ltr'>Non</span> <span class='ocrx_word' id='word_1_124' title='bbox 1387 1065 1528 1103; x_wconf 88' lang='lat' dir='ltr'>eadem</span> 
     </span>
     <span class='ocr_line' id='line_1_20' title="bbox 188 1128 1531 1180; baseline 0 -12"><span class='ocrx_word' id='word_1_125' title='bbox 188 1128 428 1168; x_wconf 89' lang='lat' dir='ltr'>accusatoris</span> <span class='ocrx_word' id='word_1_126' title='bbox 466 1136 506 1168; x_wconf 92' lang='lat' dir='ltr'>et</span> <span class='ocrx_word' id='word_1_127' title='bbox 535 1129 601 1177; x_wconf 93' lang='lat' dir='ltr'>rei,</span> <span class='ocrx_word' id='word_1_128' title='bbox 635 1131 745 1180; x_wconf 91' lang='lat' dir='ltr'>quod</span> <span class='ocrx_word' id='word_1_129' title='bbox 775 1137 982 1168; x_wconf 90' lang='lat' dir='ltr'>accusator</span> <span class='ocrx_word' id='word_1_130' title='bbox 1019 1143 1149 1168; x_wconf 92' lang='lat' dir='ltr'>rerum</span> <span class='ocrx_word' id='word_1_131' title='bbox 1187 1129 1367 1168; x_wconf 90' lang='lat' dir='ltr'>ordinem</span> <span class='ocrx_word' id='word_1_132' title='bbox 1403 1142 1531 1180; x_wconf 90' lang='lat' dir='ltr'>perse-</span> 
     </span>
     <span class='ocr_line' id='line_1_21' title="bbox 189 1194 1586 1246; baseline -0.001 -12"><span class='ocrx_word' id='word_1_133' title='bbox 189 1195 323 1246; x_wconf 89' lang='lat' dir='ltr'>quitur</span> <span class='ocrx_word' id='word_1_134' title='bbox 342 1202 381 1234; x_wconf 92' lang='lat' dir='ltr'>et</span> <span class='ocrx_word' id='word_1_135' title='bbox 402 1194 555 1246; x_wconf 88' lang='lat' dir='ltr'>singula</span> <span class='ocrx_word' id='word_1_136' title='bbox 578 1203 810 1246; x_wconf 87' lang='lat' dir='ltr'>argumenta</span> <span class='ocrx_word' id='word_1_137' title='bbox 835 1194 947 1246; x_wconf 89' lang='lat' dir='ltr'>quasi</span> <span class='ocrx_word' id='word_1_138' title='bbox 972 1196 1104 1234; x_wconf 89' lang='lat' dir='ltr'>hastas</span> <span class='ocrx_word' id='word_1_139' title='bbox 1130 1194 1171 1233; x_wconf 89' lang='lat' dir='ltr'>in</span> <span class='ocrx_word' id='word_1_140' title='bbox 1192 1208 1312 1234; x_wconf 89' lang='lat' dir='ltr'>manu</span> <span class='ocrx_word' id='word_1_141' title='bbox 1332 1196 1527 1243; x_wconf 87' lang='lat' dir='ltr'>conlocat,</span> <span class='ocrx_word' id='word_1_142' title='bbox 1549 1207 1586 1242; x_wconf 85' lang='lat'>15</span> 
     </span>
     <span class='ocr_line' id='line_1_22' title="bbox 189 1260 1530 1311; baseline 0 -12"><span class='ocrx_word' id='word_1_143' title='bbox 189 1262 447 1300; x_wconf 87' lang='lat' dir='ltr'>vehementer</span> <span class='ocrx_word' id='word_1_144' title='bbox 483 1260 682 1311; x_wconf 89' lang='lat' dir='ltr'>proponit,</span> <span class='ocrx_word' id='word_1_145' title='bbox 714 1260 918 1300; x_wconf 90' lang='lat' dir='ltr'>concludit</span> <span class='ocrx_word' id='word_1_146' title='bbox 955 1260 1106 1308; x_wconf 89' lang='lat' dir='ltr'>acriter,</span> <span class='ocrx_word' id='word_1_147' title='bbox 1140 1261 1347 1299; x_wconf 90' lang='lat' dir='ltr'>confirmat</span> <span class='ocrx_word' id='word_1_148' title='bbox 1385 1260 1530 1300; x_wconf 88' lang='lat' dir='ltr'>tabulis</span> 
     </span>
     <span class='ocr_line' id='line_1_23' title="bbox 190 1325 1529 1376; baseline -0.001 -10"><span class='ocrx_word' id='word_1_149' title='bbox 190 1326 359 1366; x_wconf 89' lang='lat' dir='ltr'>decretis</span> <span class='ocrx_word' id='word_1_150' title='bbox 388 1325 624 1365; x_wconf 89' lang='lat' dir='ltr'>testimoniis</span> <span class='ocrx_word' id='word_1_151' title='bbox 657 1325 959 1376; x_wconf 88' lang='lat' dir='ltr'>accuratiusque</span> <span class='ocrx_word' id='word_1_152' title='bbox 988 1325 1028 1364; x_wconf 91' lang='lat' dir='ltr'>in</span> <span class='ocrx_word' id='word_1_153' title='bbox 1058 1325 1220 1376; x_wconf 89' lang='lat' dir='ltr'>singulis</span> <span class='ocrx_word' id='word_1_154' title='bbox 1249 1333 1529 1374; x_wconf 90' lang='lat' dir='ltr'>commoratur,</span> 
     </span>
     <span class='ocr_line' id='line_1_24' title="bbox 189 1391 1528 1442; baseline 0.001 -12"><span class='ocrx_word' id='word_1_155' title='bbox 189 1393 243 1430; x_wconf 80' lang='lat' dir='ltr'>eis</span> <span class='ocrx_word' id='word_1_156' title='bbox 271 1391 459 1431; x_wconf 89' lang='lat' dir='ltr'>orationis</span> <span class='ocrx_word' id='word_1_157' title='bbox 487 1391 718 1442; x_wconf 87' lang='lat' dir='ltr'>praeceptis,</span> <span class='ocrx_word' id='word_1_158' title='bbox 741 1405 843 1442; x_wconf 91' lang='lat' dir='ltr'>quae</span> <span class='ocrx_word' id='word_1_159' title='bbox 871 1393 923 1430; x_wconf 92' lang='lat' dir='ltr'>ad</span> <span class='ocrx_word' id='word_1_160' title='bbox 949 1391 1174 1431; x_wconf 89' lang='lat' dir='ltr'>incitandos</span> <span class='ocrx_word' id='word_1_161' title='bbox 1204 1391 1361 1431; x_wconf 89' lang='lat' dir='ltr'>animos</span> <span class='ocrx_word' id='word_1_162' title='bbox 1385 1393 1528 1440; x_wconf 89' lang='lat' dir='ltr'>valent,</span> 
     </span>
     <span class='ocr_line' id='line_1_25' title="bbox 191 1456 1530 1508; baseline 0 -12"><span class='ocrx_word' id='word_1_163' title='bbox 191 1465 230 1496; x_wconf 92' lang='lat' dir='ltr'>et</span> <span class='ocrx_word' id='word_1_164' title='bbox 256 1457 296 1495; x_wconf 91' lang='lat' dir='ltr'>in</span> <span class='ocrx_word' id='word_1_165' title='bbox 324 1457 474 1507; x_wconf 87' lang='lat' dir='ltr'>reliqua</span> <span class='ocrx_word' id='word_1_166' title='bbox 500 1456 678 1496; x_wconf 91' lang='lat' dir='ltr'>oratione</span> <span class='ocrx_word' id='word_1_167' title='bbox 705 1459 869 1508; x_wconf 89' lang='lat' dir='ltr'>paulurn</span> <span class='ocrx_word' id='word_1_168' title='bbox 895 1457 1121 1507; x_wconf 85' lang='lat' dir='ltr'>digrediens</span> <span class='ocrx_word' id='word_1_169' title='bbox 1148 1458 1199 1496; x_wconf 92' lang='lat' dir='ltr'>de</span> <span class='ocrx_word' id='word_1_170' title='bbox 1226 1471 1341 1497; x_wconf 87' lang='lat' dir='ltr'>cursu</span> <span class='ocrx_word' id='word_1_171' title='bbox 1368 1457 1530 1497; x_wconf 90' lang='lat' dir='ltr'>dicendi</span> 
     </span>
     <span class='ocr_line' id='line_1_26' title="bbox 191 1522 1592 1574; baseline -0.001 -13"><span class='ocrx_word' id='word_1_172' title='bbox 191 1522 313 1562; x_wconf 89' lang='lat' dir='ltr'>utitur</span> <span class='ocrx_word' id='word_1_173' title='bbox 332 1530 371 1562; x_wconf 91' lang='lat' dir='ltr'>et</span> <span class='ocrx_word' id='word_1_174' title='bbox 390 1522 665 1561; x_wconf 91' lang='lat' dir='ltr'>vehementius</span> <span class='ocrx_word' id='word_1_175' title='bbox 691 1522 732 1561; x_wconf 92' lang='lat' dir='ltr'>in</span> <span class='ocrx_word' id='word_1_176' title='bbox 754 1524 988 1573; x_wconf 90' lang='lat' dir='ltr'>perorando.</span> <span class='ocrx_word' id='word_1_177' title='bbox 1048 1525 1119 1562; x_wconf 89' lang='lat' dir='ltr'>Est</span> <span class='ocrx_word' id='word_1_178' title='bbox 1140 1522 1246 1562; x_wconf 92' lang='lat' dir='ltr'>enim</span> <span class='ocrx_word' id='word_1_179' title='bbox 1267 1522 1527 1574; x_wconf 91' lang='lat' dir='ltr'>propositum,</span> <span class='ocrx_word' id='word_1_180' title='bbox 1550 1536 1592 1573; x_wconf 57' lang='grc' dir='ltr'>ιο</span> 
     </span>
     <span class='ocr_line' id='line_1_27' title="bbox 190 1587 1532 1638; baseline 0 -11"><span class='ocrx_word' id='word_1_181' title='bbox 190 1597 233 1627; x_wconf 92' lang='lat' dir='ltr'>ut</span> <span class='ocrx_word' id='word_1_182' title='bbox 259 1588 400 1627; x_wconf 90' lang='lat' dir='ltr'>iratum</span> <span class='ocrx_word' id='word_1_183' title='bbox 429 1587 571 1627; x_wconf 86' lang='lat' dir='ltr'>efficiat</span> <span class='ocrx_word' id='word_1_184' title='bbox 596 1587 781 1627; x_wconf 91' lang='lat' dir='ltr'>iudicem.</span> <span class='ocrx_word' id='word_1_185' title='bbox 842 1589 887 1628; x_wconf 92' lang='lat' dir='ltr'>C.</span> <span class='ocrx_word' id='word_1_186' title='bbox 920 1588 1030 1638; x_wconf 85' lang='lat' dir='ltr'>Quid</span> <span class='ocrx_word' id='word_1_187' title='bbox 1056 1588 1284 1628; x_wconf 87' lang='lat' dir='ltr'>faciendum</span> <span class='ocrx_word' id='word_1_188' title='bbox 1311 1596 1371 1628; x_wconf 89' lang='lat' dir='ltr'>est</span> <span class='ocrx_word' id='word_1_189' title='bbox 1393 1596 1532 1628; x_wconf 91' lang='lat' dir='ltr'>contra</span> 
     </span>
     <span class='ocr_line' id='line_1_28' title="bbox 190 1653 1534 1705; baseline 0.001 -12"><span class='ocrx_word' id='word_1_190' title='bbox 190 1656 288 1693; x_wconf 86' lang='lat' dir='ltr'>reo?</span> <span class='ocrx_word' id='word_1_191' title='bbox 336 1656 377 1692; x_wconf 90' lang='lat' dir='ltr'>P.</span> <span class='ocrx_word' id='word_1_192' title='bbox 402 1653 550 1693; x_wconf 90' lang='lat' dir='ltr'>Omnia</span> <span class='ocrx_word' id='word_1_193' title='bbox 570 1655 688 1704; x_wconf 92' lang='lat' dir='ltr'>longe</span> <span class='ocrx_word' id='word_1_194' title='bbox 714 1667 839 1693; x_wconf 92' lang='lat' dir='ltr'>secus.</span> <span class='ocrx_word' id='word_1_195' title='bbox 898 1653 1096 1705; x_wconf 88' lang='lat' dir='ltr'>Principia</span> <span class='ocrx_word' id='word_1_196' title='bbox 1120 1655 1316 1693; x_wconf 87' lang='lat' dir='ltr'>sumenda</span> <span class='ocrx_word' id='word_1_197' title='bbox 1337 1656 1389 1694; x_wconf 94' lang='lat' dir='ltr'>ad</span> <span class='ocrx_word' id='word_1_198' title='bbox 1415 1654 1534 1694; x_wconf 88' lang='lat' dir='ltr'>bene-</span> 
     </span>
     <span class='ocr_line' id='line_1_29' title="bbox 191 1719 1534 1771; baseline -0.001 -12"><span class='ocrx_word' id='word_1_199' title='bbox 191 1720 406 1760; x_wconf 83' lang='lat' dir='ltr'>volentiam</span> <span class='ocrx_word' id='word_1_200' title='bbox 426 1719 719 1759; x_wconf 88' lang='lat' dir='ltr'>conciliandam</span> <span class='ocrx_word' id='word_1_201' title='bbox 735 1735 746 1768; x_wconf 80' lang='lat'><em>3</em></span> <span class='ocrx_word' id='word_1_202' title='bbox 773 1719 1016 1759; x_wconf 88' lang='lat' dir='ltr'>narrationes</span> <span class='ocrx_word' id='word_1_203' title='bbox 1042 1727 1110 1758; x_wconf 91' lang='lat' dir='ltr'>aut</span> <span class='ocrx_word' id='word_1_204' title='bbox 1129 1721 1409 1770; x_wconf 87' lang='lat' dir='ltr'>amputandae,</span> <span class='ocrx_word' id='word_1_205' title='bbox 1431 1733 1534 1771; x_wconf 89' lang='lat' dir='ltr'>quae</span> 
     </span>
     <span class='ocr_line' id='line_1_30' title="bbox 191 1786 1534 1837; baseline -0.001 -11"><span class='ocrx_word' id='word_1_206' title='bbox 191 1788 366 1835; x_wconf 87' lang='lat' dir='ltr'>laedunt,</span> <span class='ocrx_word' id='word_1_207' title='bbox 397 1794 465 1825; x_wconf 91' lang='lat' dir='ltr'>aut</span> <span class='ocrx_word' id='word_1_208' title='bbox 494 1786 791 1837; x_wconf 90' lang='lat' dir='ltr'>relinquendae,</span> <span class='ocrx_word' id='word_1_209' title='bbox 822 1786 854 1825; x_wconf 94' lang='lat' dir='ltr'>si</span> <span class='ocrx_word' id='word_1_210' title='bbox 889 1793 995 1825; x_wconf 88' lang='lat' dir='ltr'>totae</span> <span class='ocrx_word' id='word_1_211' title='bbox 1029 1792 1121 1824; x_wconf 87' lang='lat' dir='ltr'>sunt</span> <span class='ocrx_word' id='word_1_212' title='bbox 1154 1787 1345 1825; x_wconf 89' lang='lat' dir='ltr'>molestae</span> <span class='ocrx_word' id='word_1_213' title='bbox 1359 1800 1370 1835; x_wconf 66' lang='grc' dir='ltr'>ς</span> <span class='ocrx_word' id='word_1_214' title='bbox 1407 1786 1534 1824; x_wconf 91' lang='lat' dir='ltr'>firma-</span> 
     </span>
     <span class='ocr_line' id='line_1_31' title="bbox 192 1850 1591 1903; baseline -0.002 -13"><span class='ocrx_word' id='word_1_215' title='bbox 192 1860 327 1891; x_wconf 87' lang='lat' dir='ltr'>menta</span> <span class='ocrx_word' id='word_1_216' title='bbox 351 1853 403 1891; x_wconf 90' lang='lat' dir='ltr'>ad</span> <span class='ocrx_word' id='word_1_217' title='bbox 427 1853 552 1892; x_wconf 91' lang='lat' dir='ltr'>fidem</span> <span class='ocrx_word' id='word_1_218' title='bbox 573 1851 702 1903; x_wconf 85' lang='lat' dir='ltr'>posita</span> <span class='ocrx_word' id='word_1_219' title='bbox 729 1859 798 1890; x_wconf 91' lang='lat' dir='ltr'>aut</span> <span class='ocrx_word' id='word_1_220' title='bbox 823 1865 892 1902; x_wconf 90' lang='lat' dir='ltr'>per</span> <span class='ocrx_word' id='word_1_221' title='bbox 915 1865 956 1890; x_wconf 92' lang='lat' dir='ltr'>se</span> <span class='ocrx_word' id='word_1_222' title='bbox 980 1850 1171 1890; x_wconf 92' lang='lat' dir='ltr'>diluenda</span> <span class='ocrx_word' id='word_1_223' title='bbox 1194 1858 1262 1890; x_wconf 88' lang='lat' dir='ltr'>aut</span> <span class='ocrx_word' id='word_1_224' title='bbox 1282 1850 1533 1890; x_wconf 88' lang='lat' dir='ltr'>obscuranda</span> <span class='ocrx_word' id='word_1_225' title='bbox 1551 1864 1591 1896; x_wconf 82' lang='lat'>25</span> 
     </span>
     <span class='ocr_line' id='line_1_32' title="bbox 192 1914 1535 1967; baseline -0.001 -11"><span class='ocrx_word' id='word_1_226' title='bbox 192 1925 259 1956; x_wconf 87' lang='lat' dir='ltr'>aut</span> <span class='ocrx_word' id='word_1_227' title='bbox 279 1916 589 1967; x_wconf 85' lang='lat' dir='ltr'>digressionibus</span> <span class='ocrx_word' id='word_1_228' title='bbox 610 1917 840 1965; x_wconf 80' lang='lat' dir='ltr'>obruenda3</span> <span class='ocrx_word' id='word_1_229' title='bbox 869 1915 1138 1967; x_wconf 87' lang='lat' dir='ltr'>perorationes</span> <span class='ocrx_word' id='word_1_230' title='bbox 1163 1922 1297 1954; x_wconf 90' lang='lat' dir='ltr'>autem</span> <span class='ocrx_word' id='word_1_231' title='bbox 1316 1916 1368 1955; x_wconf 90' lang='lat' dir='ltr'>ad</span> <span class='ocrx_word' id='word_1_232' title='bbox 1388 1914 1535 1954; x_wconf 83' lang='lat' dir='ltr'>miscri-</span> 
     </span>
     <span class='ocr_line' id='line_1_33' title="bbox 193 1981 1535 2033; baseline -0.002 -11"><span class='ocrx_word' id='word_1_233' title='bbox 193 1982 370 2022; x_wconf 89' lang='lat' dir='ltr'>cordiam</span> <span class='ocrx_word' id='word_1_234' title='bbox 399 1984 677 2022; x_wconf 88' lang='lat' dir='ltr'>conferendae.</span> <span class='ocrx_word' id='word_1_235' title='bbox 738 1983 782 2023; x_wconf 91' lang='lat' dir='ltr'>C.</span> <span class='ocrx_word' id='word_1_236' title='bbox 806 1984 1022 2033; x_wconf 90' lang='lat' dir='ltr'>Semperne</span> <span class='ocrx_word' id='word_1_237' title='bbox 1049 1981 1165 2032; x_wconf 87' lang='lat' dir='ltr'>igitur</span> <span class='ocrx_word' id='word_1_238' title='bbox 1190 1981 1372 2020; x_wconf 91' lang='lat' dir='ltr'>ordinem</span> <span class='ocrx_word' id='word_1_239' title='bbox 1401 1982 1535 2020; x_wconf 92' lang='lat' dir='ltr'>conlo-</span> 
     </span>
     <span class='ocr_line' id='line_1_34' title="bbox 193 2048 1535 2099; baseline -0.001 -13"><span class='ocrx_word' id='word_1_240' title='bbox 193 2048 312 2087; x_wconf 85' lang='lat' dir='ltr'>candi</span> <span class='ocrx_word' id='word_1_241' title='bbox 350 2061 471 2098; x_wconf 91' lang='lat' dir='ltr'>quem</span> <span class='ocrx_word' id='word_1_242' title='bbox 505 2049 689 2087; x_wconf 90' lang='lat' dir='ltr'>volumus</span> <span class='ocrx_word' id='word_1_243' title='bbox 728 2055 863 2087; x_wconf 90' lang='lat' dir='ltr'>tenere</span> <span class='ocrx_word' id='word_1_244' title='bbox 900 2049 1146 2099; x_wconf 86' lang='lat' dir='ltr'>possumus?</span> <span class='ocrx_word' id='word_1_245' title='bbox 1198 2048 1240 2086; x_wconf 92' lang='lat' dir='ltr'>P.</span> <span class='ocrx_word' id='word_1_246' title='bbox 1278 2048 1373 2086; x_wconf 93' lang='lat' dir='ltr'>Non</span> <span class='ocrx_word' id='word_1_247' title='bbox 1411 2059 1507 2086; x_wconf 88' lang='lat' dir='ltr'>sane</span> <span class='ocrx_word' id='word_1_248' title='bbox 1525 2061 1535 2095; x_wconf 84' lang='lat'>;</span> 
     </span>
     <span class='ocr_line' id='line_1_35' title="bbox 193 2111 1533 2164; baseline -0.001 -12"><span class='ocrx_word' id='word_1_249' title='bbox 193 2128 286 2152; x_wconf 90' lang='lat' dir='ltr'>nam</span> <span class='ocrx_word' id='word_1_250' title='bbox 306 2113 497 2153; x_wconf 90' lang='lat' dir='ltr'>auditoris</span> <span class='ocrx_word' id='word_1_251' title='bbox 517 2127 630 2153; x_wconf 89' lang='lat' dir='ltr'>aures</span> <span class='ocrx_word' id='word_1_252' title='bbox 651 2115 907 2153; x_wconf 88' lang='lat' dir='ltr'>moderantur</span> <span class='ocrx_word' id='word_1_253' title='bbox 926 2112 1070 2152; x_wconf 90' lang='lat' dir='ltr'>oratori</span> <span class='ocrx_word' id='word_1_254' title='bbox 1090 2111 1275 2164; x_wconf 88' lang='lat' dir='ltr'>prudenti</span> <span class='ocrx_word' id='word_1_255' title='bbox 1295 2119 1334 2151; x_wconf 92' lang='lat' dir='ltr'>et</span> <span class='ocrx_word' id='word_1_256' title='bbox 1347 2111 1533 2163; x_wconf 90' lang='lat' dir='ltr'>provido:</span> 
     </span>
     <span class='ocr_line' id='line_1_36' title="bbox 194 2179 1594 2230; baseline 0.001 -11"><span class='ocrx_word' id='word_1_257' title='bbox 194 2194 264 2220; x_wconf 90' lang='lat' dir='ltr'>eae</span> <span class='ocrx_word' id='word_1_258' title='bbox 285 2181 395 2230; x_wconf 92' lang='lat' dir='ltr'>quod</span> <span class='ocrx_word' id='word_1_259' title='bbox 415 2187 606 2230; x_wconf 89' lang='lat' dir='ltr'>respuunt</span> <span class='ocrx_word' id='word_1_260' title='bbox 626 2179 922 2219; x_wconf 87' lang='lat' dir='ltr'>immutandum</span> <span class='ocrx_word' id='word_1_261' title='bbox 942 2186 1014 2218; x_wconf 87' lang='lat' dir='ltr'>est.</span> <span class='ocrx_word' id='word_1_262' title='bbox 1553 2189 1594 2220; x_wconf 83' lang='lat'>30</span> 
     </span>
     <span class='ocr_line' id='line_1_37' title="bbox 249 2243 1534 2297; baseline -0.003 -11"><span class='ocrx_word' id='word_1_263' title='bbox 249 2247 296 2286; x_wconf 90' lang='lat' dir='ltr'>C.</span> <span class='ocrx_word' id='word_1_264' title='bbox 328 2248 496 2297; x_wconf 86' lang='lat' dir='ltr'>Expone</span> <span class='ocrx_word' id='word_1_265' title='bbox 526 2245 716 2296; x_wconf 90' lang='lat' dir='ltr'>deinceps</span> <span class='ocrx_word' id='word_1_266' title='bbox 743 2259 846 2296; x_wconf 91' lang='lat' dir='ltr'>quae</span> <span class='ocrx_word' id='word_1_267' title='bbox 874 2244 997 2297; x_wconf 90' lang='lat' dir='ltr'>ipsius</span> <span class='ocrx_word' id='word_1_268' title='bbox 1027 2244 1214 2284; x_wconf 89' lang='lat' dir='ltr'>orationis</span> <span class='ocrx_word' id='word_1_269' title='bbox 1243 2243 1534 2295; x_wconf 90' lang='lat' dir='ltr'>verborumque</span> 
     </span>
    </p>
   </div>
   <div class='ocr_carea' id='block_1_8' title="bbox 190 2347 1537 2523">
    <p class='ocr_par' dir='ltr' id='par_1_8' title="bbox 190 2347 1537 2523">
     <span class='ocr_line' id='line_1_38' title="bbox 239 2347 1535 2390; baseline -0.002 -8"><span class='ocrx_word' id='word_1_270' title='bbox 239 2362 259 2381; x_wconf 89' lang='lat'><em>2</em></span> <span class='ocrx_word' id='word_1_271' title='bbox 283 2356 464 2382; x_wconf 79' lang='lat' dir='ltr'>servantur</span> <span class='ocrx_word' id='word_1_272' title='bbox 479 2350 567 2382; x_wconf 89' lang='lat' dir='ltr'>codd.</span> <span class='ocrx_word' id='word_1_273' title='bbox 585 2350 658 2382; x_wconf 80' lang='lat' dir='ltr'>dett.</span> <span class='ocrx_word' id='word_1_274' title='bbox 673 2362 680 2382; x_wconf 72' lang='grc' dir='ltr'><strong>ε</strong></span> <span class='ocrx_word' id='word_1_275' title='bbox 705 2351 895 2382; x_wconf 86' lang='lat' dir='ltr'>servabitur</span> <span class='ocrx_word' id='word_1_276' title='bbox 909 2349 944 2381; x_wconf 86' lang='lat' dir='ltr'><em>P</em></span> <span class='ocrx_word' id='word_1_277' title='bbox 1087 2360 1108 2389; x_wconf 92' lang='lat'>4</span> <span class='ocrx_word' id='word_1_278' title='bbox 1131 2348 1305 2388; x_wconf 88' lang='lat' dir='ltr'>inaequali</span> <span class='ocrx_word' id='word_1_279' title='bbox 1314 2353 1341 2390; x_wconf 82' lang='lat' dir='ltr'>p</span> <span class='ocrx_word' id='word_1_280' title='bbox 1356 2347 1535 2380; x_wconf 83' lang='lat' dir='ltr'>codd.&#39;dett.</span> 
     </span>
     <span class='ocr_line' id='line_1_39' title="bbox 200 2392 1537 2434; baseline -0.002 -9"><span class='ocrx_word' id='word_1_281' title='bbox 200 2405 240 2426; x_wconf 90' lang='lat'>10</span> <span class='ocrx_word' id='word_1_282' title='bbox 263 2400 315 2426; x_wconf 86' lang='lat' dir='ltr'>est</span> <span class='ocrx_word' id='word_1_283' title='bbox 333 2406 398 2426; x_wconf 88' lang='lat' dir='ltr'>om.</span> <span class='ocrx_word' id='word_1_284' title='bbox 415 2395 450 2425; x_wconf 92' lang='lat' dir='ltr'><em>P</em></span> <span class='ocrx_word' id='word_1_285' title='bbox 581 2404 618 2433; x_wconf 87' lang='lat'>15</span> <span class='ocrx_word' id='word_1_286' title='bbox 641 2395 738 2434; x_wconf 83' lang='lat' dir='ltr'>quasi</span> <span class='ocrx_word' id='word_1_287' title='bbox 755 2396 853 2426; x_wconf 86' lang='lat' dir='ltr'>hasta</span> <span class='ocrx_word' id='word_1_288' title='bbox 871 2395 906 2425; x_wconf 89' lang='lat' dir='ltr'>in</span> <span class='ocrx_word' id='word_1_289' title='bbox 924 2404 1025 2425; x_wconf 89' lang='lat' dir='ltr'>manu</span> <span class='ocrx_word' id='word_1_290' title='bbox 1043 2394 1207 2425; x_wconf 85' lang='lat' dir='ltr'>collocata</span> <span class='ocrx_word' id='word_1_291' title='bbox 1218 2392 1345 2424; x_wconf 80' lang='lat' dir='ltr'>Piderit</span> <span class='ocrx_word' id='word_1_292' title='bbox 1359 2392 1537 2434; x_wconf 84' lang='lat' dir='ltr'>(collocata</span> 
     </span>
     <span class='ocr_line' id='line_1_40' title="bbox 196 2435 1536 2478; baseline -0.003 -8"><span class='ocrx_word' id='word_1_293' title='bbox 196 2438 285 2470; x_wconf 91' lang='lat' dir='ltr'>codd.</span> <span class='ocrx_word' id='word_1_294' title='bbox 304 2438 395 2474; x_wconf 82' lang='lat' dir='ltr'>dett.)</span> <span class='ocrx_word' id='word_1_295' title='bbox 489 2439 529 2469; x_wconf 88' lang='lat'>18</span> <span class='ocrx_word' id='word_1_296' title='bbox 553 2439 604 2469; x_wconf 83' lang='lat' dir='ltr'>eis</span> <span class='ocrx_word' id='word_1_297' title='bbox 622 2439 696 2478; x_wconf 81' lang='lat' dir='ltr'>(iis)</span> <span class='ocrx_word' id='word_1_298' title='bbox 714 2439 789 2470; x_wconf 87' lang='lat' dir='ltr'>add.</span> <span class='ocrx_word' id='word_1_299' title='bbox 806 2438 970 2470; x_wconf 83' lang='lat' dir='ltr'>Friedrich</span> <span class='ocrx_word' id='word_1_300' title='bbox 1050 2437 1216 2469; x_wconf 83' lang='lat' dir='ltr'>orationis</span> <span class='ocrx_word' id='word_1_301' title='bbox 1231 2437 1283 2468; x_wconf 89' lang='lat' dir='ltr'>P:</span> <span class='ocrx_word' id='word_1_302' title='bbox 1309 2435 1536 2477; x_wconf 81' lang='lat' dir='ltr'>perorationis</span> 
     </span>
     <span class='ocr_line' id='line_1_41' title="bbox 190 2482 762 2523; baseline 0 -9"><span class='ocrx_word' id='word_1_303' title='bbox 190 2487 216 2523; x_wconf 82' lang='lat' dir='ltr'>p</span> <span class='ocrx_word' id='word_1_304' title='bbox 231 2494 238 2514; x_wconf 90' lang='lat'>:</span> <span class='ocrx_word' id='word_1_305' title='bbox 261 2482 564 2522; x_wconf 84' lang='lat' dir='ltr'>perorationisque</span> <span class='ocrx_word' id='word_1_306' title='bbox 581 2482 669 2514; x_wconf 89' lang='lat' dir='ltr'>codd.</span> <span class='ocrx_word' id='word_1_307' title='bbox 689 2482 762 2514; x_wconf 72' lang='lat' dir='ltr'>dett.</span> 
     </span>
    </p>
   </div>
   <div class='ocr_carea' id='block_1_9' title="bbox 1676 1191 1692 1394">
    <p class='ocr_par' dir='ltr' id='par_1_9' title="bbox 1676 1191 1692 1394">
     <span class='ocr_line' id='line_1_42' title="bbox 1676 1191 1692 1394; textangle 90"><span class='ocrx_word' id='word_1_308' title='bbox 1676 1263 1691 1394; x_wconf 40' lang='lat' dir='ltr'>„laum-&amp;Ra-</span> <span class='ocrx_word' id='word_1_309' title='bbox 1688 1230 1691 1234; x_wconf 83' lang='lat'>.</span> <span class='ocrx_word' id='word_1_310' title='bbox 1687 1191 1692 1223; x_wconf 77' lang='lat'>...-</span> 
     </span>
    </p>
   </div>
  </div>
 </body>
</html>
