1696 2730
149 129 204 177 67
226 133 293 166 226
591 131 647 170 M.
689 133 859 172 TVLLI
899 133 1209 175 CICERONIS

221 237 342 278 ternis
362 238 475 279 ferire
493 240 633 289 verbis,
656 255 739 280 non
764 256 986 294 numquam
1005 242 1179 295 singulis,
1196 246 1316 295 paulo
1335 244 1430 284 alias
1449 246 1566 297 pluri-

220 304 308 352 bus,
329 304 430 344 inter
449 319 552 356 quae
574 306 689 346 variis
715 307 900 347 clausulis
929 307 1145 360 interponit
1170 323 1212 349 se
1238 324 1325 350 raro
1353 325 1566 352 numerosa

220 371 526 421 comprehensio
540 386 551 420 ς
584 385 704 422 quam
733 386 915 424 perverse
944 374 1097 424 fugiens
1132 375 1339 427 Hegesias,
1370 378 1468 417 dum
1497 377 1564 417 ille

221 448 383 486 quoque
411 435 555 476 imitari
584 437 742 488 Lysiam
768 441 852 478 vult
879 440 1046 479 alterum
1075 453 1202 491 paene
1233 443 1561 492 Demosthenem,

220 503 335 540 saltat
366 501 546 542 incidens
580 503 800 554 particulas.
861 506 914 544 Et
947 504 978 544 is
1009 505 1173 556 quidem
1203 520 1286 546 non
1315 507 1446 548 minus
1479 522 1565 549 sen·
1583 525 1601 558 5

220 566 352 606 tentiis
382 575 521 618 peccat
554 582 675 619 quam
703 569 843 617 verbis,
866 578 910 609 ut
938 584 1021 610 non
1049 579 1212 622 quaerat
1241 585 1362 623 quem
1391 576 1565 626 appellet

218 631 399 683 ineptum
419 633 488 684 qui
507 633 618 672 illum
638 635 877 686 cognoverit.
936 637 1016 676 Sed
1036 650 1110 688 ego
1129 637 1195 676 illa
1215 638 1347 679 Crassi
1366 647 1405 679 et
1430 648 1565 680 nostra

218 698 345 748 posui,
377 706 421 737 ut
451 698 519 750 qui
556 701 674 739 vellet
705 700 866 740 auribus
896 701 991 753 ipsis
1022 702 1119 753 quid
1152 717 1410 744 numerosum
1443 705 1562 746 etiarn

217 763 259 802 in
279 763 453 804 minimis
473 765 674 816 particulis
694 766 882 806 orationis
908 775 1012 807 esset
1037 767 1240 808 iudicaret.
1300 772 1352 809 Et
1372 771 1563 822 quoniam

216 830 330 879 plura
358 831 409 869 de
437 844 650 870 numerosa
675 832 854 872 oratione
881 832 1052 872 diximus
1079 847 1200 884 quam
1229 834 1441 887 quisquam
1469 844 1563 877 ante
1582 849 1624 872 10
1684 846 1685 849 ’

217 908 303 942 nos,
325 909 432 935 nunc
453 897 503 935 de
523 896 607 935 eius
626 897 780 947 generis
800 898 968 938 utilitate
987 898 1178 939 dicemus.

143 938 199 976 68
272 960 384 999 Nihil
421 960 528 999 enim
566 970 626 1000 est
658 963 778 1011 aliud,
811 965 943 1012 Brute,
977 966 1088 1015 quod
1125 964 1288 1016 quidem
1326 974 1368 1006 tu
1397 968 1563 1010 minime

136 1007 198 1042 ²²7
217 1025 398 1064 omnium
437 1026 605 1077 ignoras,
637 1029 801 1078 pulchre
840 1036 879 1068 et
917 1029 1085 1069 oratorie
1123 1030 1255 1071 dicere
1292 1032 1368 1072 nisi
1401 1034 1561 1085 optimis

216 1091 422 1131 sententiis
460 1092 670 1144 verbisque
703 1093 926 1134 lectissimis
965 1095 1108 1135 dicere.
1167 1098 1221 1136 Et
1257 1111 1333 1138 nec
1366 1100 1562 1140 sententia

216 1158 295 1195 ulla
315 1165 374 1196 est
394 1171 497 1209 quae
523 1160 695 1198 fructum
720 1160 864 1199 oratori
889 1162 998 1209 ferat,
1020 1161 1096 1200 nisi
1122 1170 1214 1213 apte
1240 1163 1418 1215 exposita
1440 1173 1561 1218 atque
1581 1180 1619 1214 15

214 1223 406 1271 absolute,
430 1237 504 1263 nec
524 1225 735 1264 verborum
755 1227 891 1265 lumen
917 1235 1079 1278 apparet
1102 1227 1178 1267 nisi
1198 1228 1406 1280 diligenter
1428 1233 1562 1272 conlo-

214 1296 405 1337 catorum,
427 1297 466 1328 et
494 1290 637 1329 horum
667 1298 880 1342 utrumque
909 1306 1097 1332 numerus
1130 1292 1334 1344 inlustrat3
1371 1310 1561 1337 numerus

212 1360 522 1405 autem—saepe
559 1354 666 1394 enim
704 1357 782 1395 hoc
819 1358 1048 1397 testandum
1085 1365 1282 1399 est—non
1316 1362 1440 1401 modo
1477 1375 1560 1402 non

212 1418 369 1469 poetice
398 1419 554 1459 vinctus
587 1434 724 1460 verum
754 1421 873 1460 etiam
901 1422 1055 1473 fugiens
1084 1423 1195 1462 illum
1227 1424 1343 1476 eique
1376 1427 1558 1467 omnium

212 1483 527 1534 dissimillimus;
555 1499 637 1525 non
666 1486 763 1537 quin
792 1486 900 1527 idem
929 1487 1007 1527 sint
1032 1489 1187 1529 numeri
1212 1504 1294 1530 non
1324 1493 1447 1532 modo
1476 1506 1559 1533 ora·
1577 1511 1618 1534 20

212 1556 343 1588 torum
382 1558 421 1589 et
458 1559 666 1602 poetarum
703 1567 839 1592 verum
888 1553 1054 1594 omnino
1084 1556 1345 1606 loquentium,
1382 1557 1558 1610 denique

211 1614 330 1654 etiam
365 1616 593 1656 sonantium
627 1618 807 1657 omnium
841 1632 943 1669 quae
975 1619 1103 1659 metiri
1135 1621 1297 1661 auribus
1331 1636 1555 1674 possumus,

212 1682 282 1719 sed
303 1682 402 1720 ordo
421 1683 571 1732 pedum
591 1682 694 1730 facit,
717 1691 761 1722 ut
780 1683 821 1723 id
848 1686 959 1735 quod
985 1686 1263 1735 pronuntiatur
1281 1695 1349 1728 aut
1369 1689 1558 1730 orationis

130 1754 192 1786 228
210 1754 278 1784 aut
306 1747 502 1797 poematis
536 1748 663 1787 simile
691 1748 881 1789 videatur.
942 1752 1063 1790 Hanc
1091 1751 1217 1802 igitur,
1249 1753 1332 1793 sive
1361 1755 1558 1807 composi-

210 1810 360 1850 tionem
388 1812 470 1852 sive
495 1813 781 1864 perfectionem
810 1815 892 1854 sive
920 1830 1131 1856 numerum
1157 1818 1289 1857 vocari
1317 1821 1458 1870 placet,
1482 1818 1554 1874 [et]
1575 1837 1614 1870 ²5

209 1877 400 1917 adhibere
431 1892 594 1918 necesse
631 1887 701 1928 est,
734 1879 767 1919 si
805 1889 942 1921 ornate
979 1882 1075 1922 velis
1114 1882 1258 1932 dicere,
1291 1898 1373 1924 non
1410 1887 1555 1936 solum,

209 1944 320 1992 quod
357 1943 411 1982 ait
449 1943 681 1984 Aristoteles
721 1953 759 1985 et
797 1947 1108 1998 Theophrastus,
1141 1963 1192 1988 ne
1226 1949 1380 1990 infinite
1410 1952 1555 1993 feratur

209 2015 252 2046 ut
283 2009 431 2048 flumen
466 2009 602 2058 oratio,
636 2024 738 2062 quae
768 2025 851 2051 non
884 2020 952 2052 aut
982 2013 1119 2064 spiritu
1156 2015 1449 2065 pronuntiantis
1486 2025 1555 2057 aut

209 2072 435 2113 interductu
482 2075 624 2123 librari,
671 2078 742 2115 sed
789 2091 957 2118 numero
1008 2087 1147 2118 coacta
1193 2081 1315 2121 debet
1360 2081 1549 2131 insistere,

209 2152 345 2177 verum
374 2139 493 2179 etiarn
523 2142 633 2191 quod
662 2144 789 2182 multo
818 2143 1008 2183 maiorem
1038 2145 1188 2184 habent
1212 2153 1306 2197 apta
1329 2146 1410 2186 vim
1430 2161 1551 2199 quam
1569 2161 1614 2196 30

209 2206 347 2243 soluta.
425 2207 479 2244 Vt
517 2206 624 2246 enim
662 2209 830 2247 athletas
869 2222 943 2248 nec
986 2212 1113 2250 multo
1157 2224 1270 2251 secus
1314 2212 1551 2264 gladiatores

254 2319 273 2338 2
296 2320 384 2348 quae
400 2310 570 2350 Rufinus:
596 2321 679 2350 quas
695 2311 724 2342 L
866 2322 906 2352 14
929 2313 1125 2346 lectissimis
1140 2315 1229 2348 codd.
1242 2315 1317 2348 dett.
1335 2327 1343 2348 ε
1366 2316 1550 2350 lectissime

339 2358 372 2383 et
390 2364 452 2385 nec
468 2354 498 2384 L
516 2365 523 2386 ε
547 2356 607 2386 sed
625 2365 689 2386 nec
706 2355 847 2397 Madvig
1009 2368 1050 2398 19
1072 2359 1207 2391 vinctus
1226 2358 1260 2392 C.
1280 2360 1316 2392 F.
1340 2359 1390 2392 W.
1409 2359 1550 2394 Muller:

208 2396 345 2427 iunctus
361 2396 391 2427 L
536 2408 577 2439 25
602 2403 634 2430 ct
650 2400 719 2431 secl.
737 2398 929 2433 Lambinus
