1696 2730
411 170 793 211 PARTITIONES
832 170 1169 210 ORATORIAE
1409 179 1454 217 13
1471 185 1512 219 45

124 284 264 332 habeo,
305 296 424 334 quem
461 283 514 322 ad
551 283 718 322 modum
756 281 798 320 in
835 281 1009 322 dicendo
1048 280 1202 332 singula
1238 287 1454 320 tractentur

123 355 319 400 exspecto.
378 350 420 387 P.
443 347 843 399 Argumentationem
873 359 1060 398 quaerere
1086 345 1241 394 videris,
1264 359 1366 397 quae
1394 353 1453 384 est

123 412 343 465 argumenti
373 410 602 465 explicatio[
617 428 628 462 ;
661 426 764 464 quae
793 419 951 463 sumpta
979 425 1027 451 ex
1054 411 1151 451 locis
1180 410 1236 450 eis
1262 410 1332 461 qui
1362 419 1454 450 sunt

124 478 290 530 expositi
309 477 559 518 conficienda
578 485 617 517 et
637 477 918 528 distinguenda
935 476 1112 516 dilucide
1131 474 1221 529 est].
1262 477 1308 516 C.
1332 477 1454 514 Plane

87 557 105 589 5
123 543 254 595 ipsum
287 543 388 582 istuc
421 543 588 594 requiro.
647 545 690 581 P.
727 544 799 582 Est
831 536 935 593 ergo,
972 550 1015 581 ut
1046 555 1163 592 supra
1193 541 1345 581 dictum
1382 548 1451 588 est,
1472 540 1516 583 46

125 599 332 660 explicatio
361 607 581 659 argumenti
610 607 910 659 argumentatio,
943 609 1013 646 sed
1042 621 1090 646 ea
1118 606 1335 655 conficitur,
1362 619 1453 645 cum

125 673 337 725 sumpseris
357 681 425 712 aut
445 687 527 713 non
548 673 670 713 dubia
689 680 757 712 aut
776 672 1008 724 probabilia,
1023 686 1070 712 ex
1086 672 1230 723 quibus
1251 671 1292 711 id
1309 671 1454 711 efficias

126 740 236 790 quod
273 746 339 778 aut
377 738 545 778 dubium
582 745 650 777 aut
687 737 819 777 minus
856 737 1063 789 probabile
1104 751 1173 789 per
1210 751 1252 776 se
1289 736 1453 776 videtur.

126 803 443 855 Argumentandi
475 811 609 843 autem
649 805 731 843 duo
769 810 861 842 sunt
897 816 1052 854 genera,
1084 816 1253 853 quorum
1291 803 1456 841 alterum

16 899 18 901 »
70 885 110 910 10
126 871 179 910 ad
207 871 327 909 fidem
359 870 520 909 derecto
560 877 723 920 spectat,
754 870 920 908 alterum
954 882 996 908 se
1019 868 1184 908 inflectit
1212 869 1264 907 ad
1291 875 1456 906 motum.

132 937 303 974 Derecto
328 934 454 985 igitur,
480 948 571 974 cum
601 933 807 985 proposuit
832 933 983 984 aliquid
1006 934 1116 984 quod
1145 933 1328 984 probaret
1356 946 1459 971 sum-

130 1000 286 1052 psitque
329 1013 376 1039 ea
419 1000 564 1050 quibus
608 999 806 1047 niteretur,
846 1007 966 1050 atque
1011 998 1073 1038 his
1120 997 1361 1037 confirmatis
1407 999 1458 1036 ad

130 1065 376 1117 propositum
396 1078 482 1104 sese
510 1064 658 1104 rettulit
677 1072 796 1115 atque
823 1063 1028 1104 conclusit.
1088 1065 1162 1102 Illa
1186 1071 1320 1102 autem
1340 1064 1461 1102 altera

128 1130 417 1182 argumentatio
448 1130 562 1181 quasi
592 1138 695 1169 retro
725 1137 764 1169 et
795 1138 933 1169 contra
962 1129 1069 1180 prius
1099 1129 1219 1168 sumit
1247 1142 1349 1179 quae
1377 1129 1460 1166 vult

72 1208 111 1242 15
130 1209 257 1246 eaque
288 1196 506 1243 confirmat,
540 1195 686 1235 deinde
717 1195 758 1234 id
789 1196 899 1246 quod
932 1195 1238 1245 proponendum
1269 1193 1342 1232 fuit
1379 1207 1462 1244 per-

132 1260 250 1300 motis
269 1260 411 1299 animis
432 1260 523 1300 iacit
542 1262 594 1300 ad
614 1268 844 1299 extremum.
904 1262 976 1299 Est
1003 1259 1121 1298 etiam
1145 1259 1211 1298 illa
1229 1258 1394 1297 varietas
1420 1258 1460 1296 in
1479 1270 1520 1306 47

132 1327 448 1377 argumentando
467 1333 506 1365 et
526 1339 608 1364 non
629 1325 848 1364 iniucunda
867 1324 1080 1373 distinctio,
1097 1322 1175 1378 [ut]
1192 1337 1283 1363 cum
1303 1323 1463 1363 interro-

131 1405 270 1442 gamus
300 1398 457 1430 nosmet
487 1390 594 1442 ipsos
624 1398 692 1430 aut
723 1398 1001 1442 percontamur
1029 1397 1098 1428 aut
1127 1389 1367 1440 imperamus
1394 1397 1463 1428 aut

14 1511 15 1514 Ἴ
132 1465 328 1508 optamus,
363 1470 466 1507 quae
500 1464 591 1495 sunt
622 1469 714 1495 cum
747 1455 832 1494 aliis
871 1455 1141 1506 compluribus
1180 1455 1461 1494 sententiarum

74 1539 115 1563 πο
131 1529 375 1573 ornamenta.
448 1521 583 1561 Vitare
615 1529 749 1560 autem
782 1520 1082 1560 similitudinem
1120 1520 1348 1571 poterimus,
1381 1534 1461 1560 non

0 1578 26 1596 f.
134 1601 289 1638 semper
307 1600 331 1625 a
350 1586 553 1638 proposito
580 1586 779 1626 ordientes
793 1600 804 1635 3
833 1593 871 1625 et
895 1585 927 1624 si
953 1599 1034 1624 non
1061 1585 1196 1624 omnia
1221 1585 1463 1635 disputando

134 1651 457 1693 confirmabimus
478 1651 725 1702 breviterque
744 1651 943 1690 interdum
964 1664 1066 1701 quae
1086 1658 1199 1689 erunt
1219 1650 1311 1689 satis
1330 1658 1465 1702 aperta

134 1731 330 1770 ponemus
345 1732 355 1765 3
395 1718 585 1768 quodque
619 1730 667 1756 ex
699 1716 755 1755 eis
789 1715 987 1763 efficietur,
1021 1715 1052 1754 si
1083 1715 1124 1755 id
1156 1723 1348 1766 apertum,
1381 1729 1462 1754 non

8 1824 10 1826 ,
134 1783 371 1823 habebimus
399 1795 562 1822 necesse
590 1795 746 1853 semper
773 1782 1031 1831 concludere.

7 1870 9 1874 ⁴
76 1865 116 1898 ²5
189 1850 235 1889 C.
253 1847 363 1898 Quid
390 1847 455 1886 illa
475 1860 577 1898 quae
597 1846 682 1886 sine
701 1855 782 1886 arte
802 1848 1058 1898 appellantur,
1081 1860 1182 1897 quae
1202 1846 1280 1885 iam
1307 1847 1460 1885 dudum
1480 1824 1526 1915 148.

134 1916 345 1965 adsumpta
378 1912 521 1960 dixisti,
549 1925 772 1963 ecquonam
807 1913 929 1951 modo
960 1910 1201 1965 [ecquonam
1233 1910 1341 1984 loco]
1371 1911 1464 1951 artis

136 1979 343 2031 indigent?
400 1981 441 2017 P.
467 1979 540 2017 Illa
559 1991 652 2016 vero
677 1977 856 2028 indigent
882 1990 956 2016 nec
976 1990 1024 2017 eo
1050 1977 1236 2016 dicuntur
1261 1977 1346 2017 sine
1369 1984 1462 2025 arte,

136 2046 246 2096 quod
266 2044 319 2083 ita
348 2043 437 2092 sint,
460 2044 531 2083 sed
560 2044 670 2094 quod
699 2056 746 2082 ea
766 2056 847 2082 non
867 2042 967 2094 parit
995 2042 1158 2082 oratoris
1185 2056 1258 2091 ars,
1281 2044 1351 2082 sed
1371 2042 1465 2082 foris

134 2112 186 2150 ad
207 2124 248 2149 se
268 2111 399 2149 delata
419 2117 551 2148 tamen
566 2115 648 2147 arte
668 2115 817 2155 tractat,
833 2115 872 2146 et
892 2107 1061 2147 maxime
1080 2107 1120 2146 in
1141 2107 1318 2147 testibus.
1358 2109 1463 2147 Nam
1484 2129 1526 2160 49

179 2224 200 2254 3
222 2224 310 2254 quae
325 2237 333 2245 .
352 2237 361 2245 .
382 2237 390 2245 .
408 2217 460 2244 est
475 2212 543 2243 secl.
562 2211 713 2242 Ernesti:
732 2221 800 2242 om.
814 2211 901 2242 codd.
917 2222 983 2242 non
1001 2211 1089 2243 nulli
1210 2221 1230 2251 5
1255 2212 1363 2252 ipsum
1380 2212 1466 2244 istuc

131 2258 183 2290 td.
217 2256 395 2289 Non'mb.:
429 2256 541 2296 ipsum
569 2255 674 2295 igitur
696 2260 748 2286 est
768 2259 850 2286 tune
871 2254 906 2286 P
1055 2255 1190 2295 requiro
1220 2255 1270 2287 P:
1308 2256 1466 2288 desidero

138 2301 225 2343 vulg.
378 2310 414 2331 11
451 2301 590 2330 derecto
621 2298 722 2338 igitur
748 2298 932 2330 Friedrich:
964 2298 1006 2329 de
1038 2309 1075 2329 re
1100 2299 1204 2339 igitur
1227 2299 1281 2331 P:
1312 2299 1469 2340 dirigitur

138 2346 224 2386 vulg.
376 2353 414 2375 12
439 2348 591 2374 uteretur
616 2341 806 2373 Lambinus
948 2352 986 2382 17
1011 2347 1047 2373 ut
1070 2352 1138 2374 om.
1159 2342 1193 2373 P
1335 2353 1376 2383 25
1401 2343 1465 2374 iam

138 2399 204 2420 om.
222 2387 346 2420 Piderit
452 2388 495 2418 26
517 2397 706 2427 ecquonam
724 2386 824 2417 modo
835 2390 883 2426 p:
905 2395 1051 2426 quonam
1068 2386 1168 2417 modo
1184 2385 1236 2418 P:
1261 2397 1303 2418 ex
1321 2397 1465 2427 quonam

140 2432 240 2464 modo
255 2437 291 2464 et
306 2441 452 2472 quonam
470 2430 543 2462 loco
560 2430 649 2462 codd.
669 2430 742 2461 dett.
