1696 2730
0 0 46 254 ἶ,

0 334 20 492 g

431 155 816 196 PARTITIONES
857 155 1196 196 ORATORIAE
1426 165 1478 205 25
1496 171 1541 205 90

142 268 275 308 alteris
288 275 474 320 quaestus
486 268 802 308 emolumentum
817 268 1045 319 fructusque
1059 268 1303 320 proponitur.
1342 271 1478 320 Atque

143 332 262 374 etiam
294 334 486 385 voluptas,
520 346 623 384 quae
656 332 826 372 maxime
857 340 916 372 est
948 332 1108 372 inimica
1137 333 1269 373 virtuti
1300 333 1478 386 bonique

140 405 322 438 naturam
351 397 540 438 fallaciter
567 397 762 437 imitando
790 399 995 446 adulterat,
1026 412 1147 449 quam
1166 398 1476 440 immanissimus

142 462 311 514 quisque
338 463 526 503 acerrime
551 464 728 514 sequitur
756 477 888 514 neque
911 465 1039 503 solum
1056 463 1243 503 'honestis
1268 465 1384 504 rebus
1405 466 1476 505 sed

105 534 124 567 5
142 527 262 568 etiam
298 528 527 568 necessariis
559 528 779 579 anteponit,
809 528 850 567 in
887 529 1106 577 suadendo,
1140 542 1232 568 curn
1270 529 1306 568 ei
1342 529 1476 581 generi
1494 565 1549 604 26

142 593 351 633 hominum
389 593 599 633 consilium
637 595 718 641 des,
753 607 871 645 saepe
908 607 1003 633 sane
1047 595 1247 633 laudanda
1283 602 1353 634 est.
1424 597 1476 635 Et
1495 633 1536 668 91

142 657 240 698 illud
271 658 491 698 videndum
520 666 580 698 est
617 666 767 710 quanto
806 658 929 710 magis
966 659 1149 699 homines
1187 661 1291 699 mala
1326 661 1478 712 fugiant

142 737 262 774 quam
283 731 498 774 sequantur
520 724 637 764 bona.
696 725 802 763 Nam
829 737 959 775 neque
985 725 1153 764 honesta
1178 731 1259 764 tam
1288 733 1478 777 expetunt

141 802 263 840 quam
291 789 468 828 devitant
497 788 635 840 turpia.
694 788 795 838 Quis
824 789 930 828 enirn
959 790 1164 838 honorem,
1186 790 1274 841 quis
1299 791 1476 842 gloriam,

87 870 124 894 re
142 853 231 905 quis
268 855 439 901 laudem,
479 853 568 904 quis
606 855 731 892 ullum
769 855 891 893 decus
929 861 1011 893 tam
1049 868 1240 905 umquam
1277 856 1474 907 expetivit,

142 931 263 970 quam
296 918 555 970 ignominiam
588 918 791 958 infamiam
824 919 1108 959 contumeliam
1141 921 1316 960 dedecus
1349 921 1479 972 fugit?

143 986 323 1036 Quarum
356 999 486 1026 rerum
516 987 630 1026 dolor
658 993 717 1024 est
744 986 870 1037 gravis
899 987 1008 1026 testis
1036 1000 1160 1038 genus
1189 987 1397 1026 hominum
1426 989 1478 1027 ad

142 1051 394 1091 honestatem
424 1058 562 1090 natum
591 1053 697 1091 malo
727 1053 836 1091 cultu
866 1052 1074 1103 pravisque
1108 1052 1363 1103 opinionibus
1392 1066 1479 1093 esse

144 1123 384 1168 corruptum.
457 1118 549 1166 Qua
575 1131 616 1156 re
649 1116 690 1156 in
721 1119 970 1157 cohortando
999 1126 1119 1169 atque
1153 1120 1360 1159 suadendo
1392 1132 1479 1170 pro-

3 1191 11 1234 21
87 1193 127 1228 15
144 1181 319 1232 positum
339 1181 502 1232 quidem
531 1181 647 1221 nobis
666 1182 738 1222 erit
767 1182 874 1230 illud,
898 1191 941 1222 ut
964 1185 1180 1223 doceamus
1206 1197 1286 1234 qua
1310 1197 1351 1223 re
1371 1184 1479 1223 bona

144 1246 336 1297 consequi
355 1248 538 1297 malaque
557 1246 679 1286 vitare
697 1247 895 1298 possimus
909 1263 920 1297 3
948 1250 1019 1288 sed
1044 1250 1152 1299 apud
1171 1249 1354 1288 homines
1373 1250 1477 1289 bene
1495 1259 1537 1293 9²

143 1310 343 1351 institutos
380 1311 594 1363 plurimum
638 1314 690 1352 de
726 1314 845 1352 laude
888 1320 928 1352 et
965 1315 1016 1353 de
1053 1315 1261 1354 honestate
1298 1314 1478 1354 dicemus

143 1376 393 1428 maximeque
421 1390 469 1416 ea
493 1377 681 1416 virtutum
709 1391 853 1428 genera
881 1379 1136 1418 tractabimus
1169 1392 1272 1430 quae
1300 1379 1342 1418 in
1371 1393 1478 1420 com-

144 1442 256 1482 muni
275 1442 484 1481 hominum
503 1442 671 1482 utilitate
691 1444 841 1482 tuenda
858 1445 1120 1495 augendaque
1139 1452 1351 1484 versantur.
1408 1444 1478 1484 Sin

86 1523 128 1549 πο
144 1508 251 1558 apud
280 1506 464 1547 indoctos
492 1507 776 1559 imperitosque
804 1508 994 1556 dicemus,
1015 1510 1164 1548 fructus
1195 1511 1477 1559 emolumenta,

143 1572 366 1623 voluptates
403 1572 692 1624 vitationesque
739 1574 923 1612 dolorum
964 1575 1236 1625 proferantur;
1281 1576 1480 1615 addantur

142 1635 263 1677 etiam
282 1637 548 1677 contumeliae
575 1645 695 1688 atque
723 1637 973 1688 ignominiae.
1034 1640 1166 1679 Nemo
1192 1647 1251 1679 est
1270 1640 1376 1679 enim
1397 1648 1478 1680 tam

141 1701 303 1752 agrestis
344 1715 465 1752 quem
508 1716 591 1742 non
628 1702 661 1741 si
697 1702 783 1754 ipsa
826 1705 1013 1743 honestas
1056 1704 1198 1752 minus,
1237 1705 1479 1745 contumelia

142 1775 277 1807 tamen
297 1775 336 1808 et
351 1770 526 1808 dedecus
546 1783 786 1820 magnopere
806 1777 973 1809 moveat.
1027 1770 1119 1819 Qua
1134 1783 1174 1809 re
1194 1770 1292 1820 quid
1309 1772 1362 1810 ad
1378 1770 1478 1810 utili-

10 1822 51 1871 '35
85 1843 124 1877 ²5
144 1839 265 1872 tatem
303 1841 455 1885 spectet
493 1848 541 1873 ex
578 1834 639 1874 his
677 1847 779 1886 quae
817 1834 924 1874 dicta
966 1842 1057 1873 sunt
1094 1835 1308 1886 reperietur
1321 1850 1332 1884 ;
1377 1835 1475 1887 quid
1493 1847 1536 1880 93

142 1905 275 1938 autem
295 1898 420 1950 possit
442 1899 554 1947 effici,
577 1899 618 1938 in
647 1913 728 1950 quo
756 1899 875 1939 etiam
904 1913 1024 1950 quam
1053 1900 1166 1939 facile
1192 1900 1316 1951 possit
1342 1914 1478 1952 quam-

144 1975 221 2014 que
268 1963 451 2015 expediat
481 1964 616 2015 quaeri
660 1966 770 2012 solet,
811 1964 981 2004 maxime
1019 1978 1066 2004 ex
1107 1964 1235 2005 causis
1280 1965 1335 2005 eis
1375 1979 1478 2016 quae

144 2041 344 2079 quamque
381 2043 464 2069 rem
503 2029 674 2069 efficiant
707 2037 767 2069 est
798 2030 1028 2070 videndum.
1087 2031 1307 2070 Causarum
1344 2039 1478 2071 autem

144 2105 288 2144 genera
311 2102 403 2133 sunt
422 2096 543 2145 plura.
602 2096 708 2134 Nam
737 2103 829 2134 sunt
856 2095 955 2134 aliae
983 2108 1086 2145 quae
1114 2095 1223 2146 ipsae
1248 2096 1477 2145 conficiunt,

85 2171 128 2206 30
145 2158 244 2198 aliae
271 2172 373 2210 quae
398 2159 478 2199 vim
503 2161 555 2200 ad
576 2160 871 2200 conficiendum
891 2159 1065 2211 aliquam
1084 2162 1279 2200 adferunt.
1337 2163 1480 2213 Itaque

186 2264 207 2294 8
232 2263 317 2296 Nam
340 2264 399 2297 del.
416 2263 572 2306 Sauppe:
598 2265 683 2296 Nam
702 2290 708 2297 .
727 2288 736 2296 .
757 2289 765 2297 .
784 2265 897 2305 turpia
913 2265 982 2296 secl.
1003 2264 1146 2297 Stroebel
1256 2276 1295 2296 ιο
1317 2266 1481 2306 expetivit

141 2305 196 2338 P:
227 2312 403 2349 exspectat
427 2308 516 2341 codd.
541 2308 639 2340 deth:
680 2313 820 2348 expetat
847 2307 1023 2339 Manutius
1178 2318 1212 2339 11
1248 2309 1334 2349 fugit
1364 2309 1478 2342 codd.:

142 2349 246 2390 fugiat
261 2352 350 2392 vulg.
527 2362 564 2392 15
589 2363 654 2392 qua
682 2363 718 2383 re
741 2352 789 2383 P:
815 2362 881 2392 qua
903 2352 934 2383 vi
959 2352 1065 2393 vulg:
1090 2363 1156 2393 qua
1182 2353 1239 2383 vix
1262 2352 1351 2384 codd.
1378 2353 1452 2386 dett.
1474 2365 1481 2385 ε

141 2393 199 2433 qui
223 2394 271 2428 ed.
301 2399 358 2427 vet.
502 2397 546 2427 26
569 2395 680 2436 possit
710 2395 797 2427 effici
829 2405 939 2427 necne
966 2397 1075 2436 possit
1104 2396 1219 2438 vulgat
1257 2397 1343 2428 effici
1368 2407 1478 2429 necne

141 2438 249 2477 possit
265 2449 330 2470 om.
347 2439 382 2470 P

167 2501 230 2524 cxc,
248 2501 391 2524 onnon
1354 2495 1395 2526 15
