1696 2730
301 159 376 198 DE
406 159 628 199 OPTIMO
659 159 891 198 GENERE
922 160 1246 200 ORATORVM
1415 172 1477 210 37

111 268 188 307 tale
225 269 342 318 quale
378 269 510 308 floruit
543 268 711 308 Athenis
725 283 737 318 ‚-
782 283 831 309 ex
862 283 943 320 quo
976 269 1200 309 Atticorum
1238 277 1438 311 oratorum

111 331 196 383 ipsa
214 332 271 372 vis
300 332 435 383 ignota
462 341 532 382 est,
554 341 649 373 nota
675 334 809 385 gloria.
868 336 973 374 Nam
1002 336 1168 374 alterum
1196 335 1309 374 multi
1334 336 1439 376 vide-

110 404 211 444 runt,
232 396 362 436 vitiosi
390 397 488 437 nihil
515 400 623 449 apud
652 412 720 438 eos
749 413 846 448 esse,
874 401 1040 438 alterum
1069 399 1196 450 pauci,
1224 400 1439 439 laudabilia

109 474 196 501 esse
224 464 357 502 multa.
417 465 489 502 Est
519 463 625 503 enim
655 463 840 503 vitiosum
869 464 910 503 in
940 464 1146 512 sententia,
1182 464 1215 503 si
1245 465 1342 515 quid
1371 466 1438 504 ab·

70 541 89 574 5
109 527 272 566 surdum
291 535 359 566 aut
386 527 560 567 alienum
579 536 647 568 aut
676 542 758 568 non
777 537 938 568 acutum
967 536 1035 568 aut
1060 529 1330 568 subinsulsum
1354 537 1413 569 est
1427 545 1438 579 3

108 591 315 637 inverbis
352 593 385 632 si
421 593 699 645 inquinatum,
719 594 751 633 si
788 595 999 643 abiectum,
1037 595 1069 634 si
1107 609 1188 634 non
1221 603 1369 646 aptum,
1404 596 1437 635 si

108 657 262 705 durum,
285 657 317 696 si
343 660 460 709 longe
483 659 662 710 petitum.
722 661 838 699 Haec
863 660 1083 699 vitaverunt
1102 661 1182 700 fere
1208 674 1347 700 omnes
1367 661 1436 712 qui
1454 666 1474 697 8

107 728 175 761 aut
193 722 316 762 Attici
344 732 600 763 numerantur
618 732 686 764 aut
712 725 852 764 dicunt
870 724 1013 764 Attice.
1073 726 1151 764 Sed
1178 725 1247 776 qui
1273 733 1435 765 eatenus

107 788 323 835 valuerunt,
363 788 448 827 sani
486 796 525 828 et
558 788 653 828 sicci
690 791 895 830 dumtaxat
931 790 1162 838 habeantur,
1198 791 1269 830 sed
1301 790 1356 830 ita
1393 798 1436 829 ut

50 864 88 887 10
107 853 353 903 palaestritae
366 867 377 902 3
410 853 568 905 spatiari
597 854 638 893 in
668 862 780 905 xysto
813 862 857 894 ut
889 855 1015 903 liceat,
1048 869 1130 894 non
1158 856 1209 895 ab
1239 855 1436 906 Olympiis

106 928 295 954 coronam
323 923 471 967 petant.
530 916 611 967 Qui
643 931 735 957 cum
769 925 926 957 careant
955 917 1065 957 omni
1093 918 1199 966 vitio,
1230 932 1312 957 non
1343 926 1436 957 sunt

106 980 283 1020 contenti
303 981 415 1032 quasi
434 982 540 1021 bona
558 982 795 1031 valetudine,
818 985 888 1023 sed
908 982 997 1021 viris
1016 984 1182 1022 lacertos
1201 983 1433 1034 sanguinem

106 1053 311 1096 quaerunt,
344 1048 546 1098 quandam
584 1047 702 1087 etiam
740 1048 973 1087 suavitatem
1011 1048 1163 1087 coloris.
1234 1050 1314 1088 Eos
1352 1048 1435 1087 imi-

106 1118 245 1159 temur,
277 1111 310 1150 si
338 1126 548 1163 possumus
562 1128 573 1162 3
606 1113 638 1152 si
667 1113 809 1162 minus,
837 1113 924 1152 illos
953 1113 1084 1164 potius
1113 1113 1181 1164 qui
1209 1113 1435 1165 incorrupta

49 1187 88 1221 15
106 1177 272 1217 sanitate
309 1186 411 1227 sunt,
447 1179 557 1229 quod
599 1186 658 1218 est
699 1179 902 1230 proprium
939 1178 1173 1226 Atticorum,
1206 1192 1326 1229 quarn
1365 1192 1434 1218 eos

105 1255 274 1293 quorum
310 1243 452 1283 vitiosa
486 1244 732 1283 abundantia
763 1251 834 1292 est,
866 1243 992 1294 qualis
1022 1243 1118 1283 Asia
1150 1246 1296 1283 multos
1333 1244 1432 1283 tulit.

106 1308 228 1357 Quod
256 1321 348 1347 cum
376 1308 654 1348 faciemus—si
682 1310 805 1348 modo
833 1309 874 1348 id
900 1308 1031 1359 ipsum
1059 1310 1347 1360 adsequemur;
1375 1317 1471 1354 est9

106 1372 212 1411 enim
233 1386 545 1424 permagnum—
558 1373 766 1421 imitemur,
790 1373 822 1412 si
840 1373 1097 1425 potuerimus,
1112 1373 1270 1424 Lysiam
1291 1381 1330 1413 et
1349 1373 1433 1413 eius

106 1437 270 1488 quidem
306 1438 539 1478 tenuitatem
586 1439 836 1491 potissimum
850 1453 861 1488 3
908 1446 967 1478 est
1011 1438 1116 1478 enim
1162 1438 1294 1478 multis
1335 1438 1433 1478 locis

8 1551 9 1554 Ἴ
30 1516 88 1546 120
105 1502 298 1554 grandior,
317 1505 387 1543 sed
407 1503 500 1555 quia
519 1511 558 1543 et
577 1504 745 1555 privatas
765 1504 829 1543 ille
855 1505 1061 1555 plerasque
1081 1511 1119 1543 et
1139 1517 1205 1543 eas
1224 1503 1328 1555 ipsas
1347 1503 1433 1543 aliis

104 1575 143 1608 et
171 1581 377 1619 parvarum
406 1582 535 1608 rerum
564 1571 743 1608 causulas
772 1569 937 1620 scripsit,
957 1568 1112 1608 videtur
1140 1582 1226 1609 esse
1254 1569 1431 1616 ieiunior,

105 1646 195 1672 cum
239 1647 282 1673 se
318 1633 403 1685 ipse
444 1636 627 1674 consulto
669 1636 720 1674 ad
763 1634 1002 1673 minutarum
1045 1647 1252 1673 causarum
1291 1647 1434 1685 genera

103 1698 304 1738 limaverit.
364 1700 486 1749 Quod
515 1700 583 1751 qui
611 1700 666 1738 ita
693 1699 820 1747 faciet,
851 1705 904 1748 ut,
930 1699 963 1738 si
988 1699 1121 1749 cupiat
1149 1699 1306 1738 uberior
1334 1713 1429 1747 esse,
1447 1707 1478 1746 4

104 1777 185 1803 non
206 1764 343 1815 possit,
363 1765 555 1804 habeatur
574 1779 668 1804 sane
689 1773 829 1812 orator,
851 1766 922 1804 sed
941 1765 992 1804 de
1015 1764 1234 1804 minoribus
1247 1779 1258 1813 3
1288 1778 1432 1815 magno

45 1845 84 1878 ²5
103 1837 237 1868 autem
266 1829 409 1868 oratori
438 1829 555 1869 etiarn
586 1830 653 1870 illo
683 1831 805 1869 modo
831 1843 949 1880 saepe
971 1829 1188 1869 dicendum
1217 1837 1275 1869 est
1298 1829 1338 1868 in
1365 1829 1432 1868 tali

103 1908 246 1946 genere
265 1908 483 1934 causarum.
543 1897 605 1934 Ita
624 1897 667 1934 fit
687 1903 730 1935 ut
751 1897 1043 1935 Demosthenes
1063 1902 1168 1934 certe
1187 1894 1310 1946 possit
1330 1908 1432 1934 sum·
1452 1906 1492 1928 10

104 1960 222 2000 misse
241 1960 383 2009 dicere,
405 1962 506 2000 elate
522 1961 658 2011 Lysias
678 1962 841 2000 fortasse
861 1974 943 1999 non
963 1960 1097 2011 possit.
1138 1961 1217 2000 Sed
1237 1959 1269 1999 si
1288 1961 1432 1999 eodem

105 2027 227 2065 modo
255 2033 397 2076 putant
423 2026 595 2065 exercitu
622 2026 661 2065 in
683 2027 767 2065 foro
796 2033 835 2065 et
861 2026 901 2064 in
930 2025 1116 2065 omnibus
1140 2024 1308 2075 templis,
1331 2038 1433 2075 quae

103 2089 251 2130 circum
271 2092 399 2130 forum
429 2099 531 2138 sunt,
554 2093 763 2131 conlocato
787 2090 866 2130 dici
894 2104 965 2142 pro
993 2090 1147 2130 Milone
1176 2090 1367 2138 decuisse,
1390 2098 1434 2129 ut

41 2166 84 2199 30
102 2154 134 2194 si
149 2156 200 2195 de
215 2168 256 2194 re
275 2155 424 2207 privata
438 2157 490 2196 ad
506 2170 630 2195 unum
646 2155 820 2196 iudicem
835 2155 1068 2203 diceremus,
1082 2155 1162 2194 vim
1182 2154 1432 2206 eloquentiae

146 2268 160 2290 1
185 2270 227 2290 ex
244 2270 312 2300 quo
326 2259 416 2291 codd.
435 2271 442 2291 :
466 2260 558 2300 atqui
575 2259 715 2291 Hedicke
805 2259 825 2290 8
848 2258 906 2299 qui
922 2264 1064 2290 eatenus
1079 2258 1294 2290 Gulielmius:
1315 2263 1431 2298 quate-

101 2312 164 2334 nus
179 2302 269 2335 codd.
363 2313 403 2335 10
426 2308 461 2335 at
478 2313 547 2334 non
564 2303 702 2334 Hedicke
800 2312 839 2342 13
862 2307 1032 2342 quaerunt
1047 2302 1136 2342 vulg.
1154 2313 1160 2332 :
1186 2306 1352 2342 quaerant
1372 2301 1435 2332 GP

106 2356 143 2385 14
166 2345 195 2377 si
211 2347 323 2378 minus
340 2345 419 2378 GP:
444 2347 496 2378 sin
514 2347 627 2378 minus
641 2347 730 2388 vulg.
883 2357 926 2378 20
950 2346 1042 2387 ipsas
1060 2345 1133 2377 aliis
1149 2345 1240 2387 vulg.
1258 2356 1264 2376 :
1290 2345 1380 2385 ipsas
1397 2350 1431 2376 et

102 2389 186 2464 ῗὶίαε
201 2389 288 2422 codd.
389 2400 429 2422 22
452 2401 490 2422 se
508 2391 583 2431 ipse
600 2391 690 2433 vulg.
707 2402 714 2422 ι
738 2400 776 2422 se
790 2389 863 2431 ipso
882 2389 945 2422 GP
1040 2399 1082 2430 23
1106 2389 1208 2421 saciet
1223 2393 1260 2420 ut
1276 2389 1304 2420 si
1320 2388 1430 2431 vulg:

114 2433 202 2465 aciet
217 2433 245 2465 si
264 2433 328 2466 GP

1285 2486 1346 2519 13*
