1696 2730
365 551 434 600 M.
497 551 736 599 TVLLI
802 551 1247 600 CICERONIS

246 685 813 753 PARTITIONES
875 685 1370 734 ORATORIAE

196 855 370 894 CICERO.
430 856 591 903 Studeo‚
615 854 670 893 mi
695 862 817 905 pater,
839 853 981 893 Latine
1001 867 1048 893 ex
1072 860 1110 892 te
1136 852 1273 892 audire
1299 866 1346 892 ea
1372 832 1511 915 quae}

142 919 239 958 mihi
263 928 305 959 tu
331 922 383 960 de
411 920 563 960 ratione
589 919 751 960 dicendi
777 921 928 959 Graece
957 918 1162 966 tradidisti,
1191 918 1224 957 si
1252 919 1375 957 modo
1404 917 1475 956 tibi

141 993 200 1025 est
220 985 346 1024 otium
373 993 411 1025 et
440 985 472 1024 si
490 985 559 1025 vis.
619 987 774 1024 PATER.
833 986 898 1023 An
926 992 995 1032 est,
1019 983 1074 1022 mi
1094 984 1246 1031 Cicero,
1269 984 1379 1035 quod
1402 996 1477 1034 ego

142 1050 277 1089 malim
311 1064 431 1101 quam
465 1058 503 1090 te
537 1064 657 1102 quam
691 1049 966 1089 doctissimum
1005 1050 1123 1088 esse?
1170 1048 1308 1089 Otium
1341 1055 1475 1088 autem

105 1139 122 1169 5
141 1115 313 1166 primum
347 1124 406 1155 est
439 1130 650 1163 summurn,
680 1115 869 1166 quoniam
898 1114 1114 1165 aliquando
1144 1116 1276 1153 Roma
1305 1113 1475 1153 exeundi

141 1189 316 1232 potestas
336 1183 428 1220 data
447 1189 506 1220 est
520 1196 531 1230 3
559 1180 706 1221 deinde
733 1180 806 1219 ista
833 1188 901 1219 tua
927 1179 1057 1218 studia
1077 1181 1138 1219 vel
1163 1179 1342 1218 maximis
1362 1193 1476 1218 occu-

142 1246 369 1297 pationibus
403 1246 501 1286 meis
538 1248 772 1286 anteferrem
806 1245 984 1284 libenter.
1047 1246 1092 1285 C.
1114 1244 1239 1284 Visne
1276 1244 1401 1296 igitur,
1434 1252 1476 1283 ut
1495 1262 1511 1284 2

142 1320 185 1350 tu
211 1325 276 1351 me
300 1313 451 1351 Graece
478 1314 580 1351 soles
610 1311 749 1350 ordine
778 1311 1026 1360 interrogare,
1052 1309 1108 1349 sic
1137 1323 1211 1361 ego
1240 1318 1279 1349 te
1304 1309 1475 1349 vicissim

142 1376 269 1416 isdem
307 1378 359 1416 de
396 1377 513 1427 rebus
553 1376 693 1416 Latine
731 1375 1000 1426 interrogem?
1051 1377 1093 1414 P.
1125 1376 1243 1424 Sane,
1272 1374 1304 1414 si
1334 1376 1474 1426 placet.

18 1461 21 1463 >
87 1462 125 1484 10
143 1442 207 1483 Sic
240 1442 346 1482 enim
377 1450 416 1482 et
445 1456 518 1494 ego
550 1450 589 1481 te
623 1441 852 1481 meminisse
882 1441 1108 1490 intellegam
1140 1454 1242 1491 quae
1275 1440 1474 1491 accepisti,

142 1515 182 1548 et
208 1516 250 1548 tu
276 1509 415 1548 ordine
443 1508 581 1548 audies
612 1521 714 1558 quae
745 1507 928 1558 requires.
988 1507 1033 1546 C.
1063 1507 1175 1556 Quot
1202 1506 1243 1544 in
1270 1506 1389 1557 partis
1416 1505 1477 1544 tri-
1494 1518 1512 1550 3

142 1574 303 1613 buenda
340 1582 400 1613 est
437 1572 567 1612 omnis
605 1572 785 1612 doctrina
822 1571 1013 1611 dicendi?
1061 1573 1103 1610 P.
1125 1571 1225 1610 Tris.
1284 1572 1329 1611 C.
1363 1572 1476 1611 Cedo

143 1641 274 1690 quas?
321 1641 362 1678 P.
393 1639 570 1678 Primum
603 1638 644 1677 in
678 1638 805 1689 ipsam
833 1637 913 1677 vim
947 1636 1123 1685 oratoris,
1151 1636 1298 1676 deinde
1327 1636 1367 1675 in
1397 1650 1479 1675 ora-

143 1705 305 1753 tionem,
337 1713 421 1744 tum
460 1705 501 1743 in
539 1703 825 1755 quaestionem.
889 1704 934 1743 C.
976 1704 1025 1741 In
1063 1716 1144 1754 quo
1182 1710 1242 1741 est
1274 1702 1359 1753 ipsa
1391 1701 1479 1741 vis?

6 1763 31 1806 s?
88 1787 125 1820 15
146 1772 187 1810 P.
221 1772 269 1809 In
298 1771 416 1809 rebus
445 1778 484 1810 et
510 1769 550 1808 in
577 1769 716 1808 verbis.
775 1769 855 1808 Sed
881 1775 920 1807 et
946 1781 1006 1807 res
1035 1775 1074 1806 et
1095 1768 1214 1807 verba
1239 1767 1479 1807 invenienda
1500 1784 1504 1788 ⁷

32 1832 34 1834 ¹
144 1837 236 1876 s'unt
261 1843 299 1875 et
328 1837 587 1875 conlocanda.
651 1833 812 1885 Proprie
844 1841 978 1872 autem
1009 1832 1050 1871 in
1081 1833 1198 1872 rebus
1228 1832 1416 1881 invenire,
1437 1832 1477 1871 in

143 1901 272 1941 verbis
298 1901 432 1951 eloqui
452 1900 605 1940 dicitur.
665 1900 887 1940 Conlocare
912 1906 1057 1946 autem,
1079 1897 1152 1937 etsi
1172 1905 1231 1937 est
1250 1912 1476 1946 commune,

144 1974 277 2007 tamen
303 1968 356 2006 ad
381 1966 666 2005 inveniendum
693 1966 865 2004 refertur.
923 1965 1013 2003 Vox
1043 1971 1174 2002 motus
1200 1965 1330 2002 vultus
1358 1971 1479 2014 atque

0 2075 1 2079 ,
145 2032 275 2072 omnis
304 2031 408 2072 actio
437 2030 651 2082 eloquendi
681 2043 815 2069 comes
849 2037 932 2077 est;
969 2042 1104 2068 earum
1135 2042 1263 2068 rerum
1297 2029 1478 2068 omnium

0 2092 2 2120 ³
87 2112 127 2134 20
145 2106 279 2138 custos
316 2097 517 2137 memoria.
581 2097 626 2136 C.
661 2095 803 2146 Quid?
841 2093 1028 2133 orationis
1067 2100 1165 2144 quot
1198 2101 1290 2133 sunt
1319 2096 1517 2145 partes?4

27 2158 30 2159 ⁷
146 2165 188 2203 P.
217 2165 424 2214 Quattuor.
485 2164 631 2201 Earum
659 2163 762 2200 duae
790 2161 921 2199 valent
946 2161 998 2199 ad
1027 2173 1109 2199 rem
1135 2161 1372 2207 docendam,
1395 2173 1479 2198 nar-

145 2227 243 2268 ratio
270 2236 309 2268 et
335 2227 584 2268 confirmatio
598 2242 609 2276 ,-
646 2228 698 2266 ad
724 2226 988 2277 impellendos
1016 2224 1172 2264 animos
1201 2226 1316 2273 duae,
1338 2225 1478 2275 princi-

188 2344 208 2364 2
232 2333 261 2364 si
277 2334 376 2364 modo
393 2333 481 2374 vulg.
502 2344 509 2364 :
533 2332 634 2363 modo
650 2331 703 2373 Pp
852 2331 893 2361 16
917 2330 1114 2361 collocanda
1129 2330 1217 2371 vulg.
1237 2340 1244 2360 :
1267 2328 1411 2360 locanda
1427 2328 1478 2369 Pp

146 2378 298 2409 invenire
314 2377 402 2418 vulg.
420 2388 428 2408 z
451 2377 596 2407 inveniri
612 2375 646 2406 P
816 2384 855 2414 19
878 2379 951 2412 est;
974 2384 1090 2405 earum
1107 2374 1218 2414 vulg.:
1243 2373 1273 2404 si
1290 2383 1407 2404 earum
1424 2372 1476 2403 P:

145 2425 218 2453 est:
241 2421 302 2452 sed
318 2431 435 2452 earum
451 2419 498 2453 ed.
515 2419 637 2452 Rom.:
662 2420 723 2451 sed
741 2428 853 2450 rerum
873 2417 976 2449 Orelli
1103 2427 1144 2449 22
1167 2417 1346 2458 pellendos
1356 2421 1382 2458 p
