1696 2730
158 150 211 189 34

145 1312 202 1334 121

156 1796 207 1835 35

144 1856 203 1878 122

233 156 297 181 120
602 141 659 180 M.
700 140 872 180 TVLLI
911 139 1222 182 CICERONIS

230 252 364 292 divina
393 251 635 303 cognoverit,
664 254 760 292 nolo
789 252 943 304 ignoret
972 265 1024 292 ne
1056 253 1156 291 haec
1187 250 1351 302 quidem
1384 251 1570 290 humana.

230 319 299 357 Ius
319 317 433 357 civile
453 325 600 367 teneat,
620 331 701 368 quo
727 325 844 368 egent
873 331 1016 357 causae
1041 318 1217 357 forenses
1243 315 1401 355 cotidie.
1461 314 1572 366 Quid

229 390 288 423 est
316 383 422 423 enim
453 383 605 434 turpius
635 397 756 434 quam
785 382 1049 434 legitimarum
1078 389 1117 422 et
1146 381 1322 421 civilium
1351 388 1573 421 controver-

229 448 374 488 siarum
403 448 623 500 patrocinia
652 448 864 499 suscipere,
893 451 986 487 c'um
1014 447 1066 487 sis
1095 449 1228 498 legum
1257 453 1296 486 et
1325 445 1449 486 civilis
1478 445 1572 486 iuris

228 514 414 565 ignarus?
471 515 699 565 Cognoscat
729 514 848 553 etiam
887 527 1017 553 rerum
1055 520 1254 565 gestarum
1284 519 1324 551 et
1357 511 1572 552 memoriae
1591 521 1610 555 5

227 579 367 619 veteris
389 579 583 628 ordinem,
606 579 776 619 maxime
803 579 953 619 scilicet
981 585 1139 618 nostrae
1159 577 1339 625 civitatis,
1361 578 1432 616 sed
1452 577 1572 617 etiam

227 644 530 696 imperiosorum
550 646 790 696 populorum
814 652 853 685 et
877 658 1014 695 regum
1043 643 1292 692 inlustrium3
1326 656 1447 694 quem
1465 643 1573 682 labo-

226 724 309 750 rem
336 710 453 750 nobis
473 710 597 750 Attici
626 710 750 749 nostri
778 710 922 750 levavit
950 710 1072 757 labor,
1096 708 1164 760 qui
1193 707 1434 748 conservatis
1462 715 1573 748 nota-

227 776 356 827 tisque
382 775 640 827 temporibus,
663 775 761 814 nihil
788 789 880 815 cum
904 775 1068 814 inlustre
1090 773 1428 826 praetermitteret,
1449 786 1573 813 anno-

226 855 314 880 rum
331 841 672 892 septingentorum
686 841 919 881 memoriam
935 854 1017 880 uno
1033 839 1134 879 libro
1147 838 1370 890 conligavit.
1407 838 1572 880 Nescire
1590 856 1630 879 10

226 914 359 946 autem
390 906 488 958 quid
516 914 609 946 ante
639 920 759 957 quam
790 913 906 945 natus
941 905 993 944 sis
1026 904 1225 952 acciderit,
1257 904 1300 944 id
1329 911 1388 944 est
1417 917 1573 956 semper

226 986 312 1012 esse
346 986 524 1023 puerum.
585 971 696 1021 Quid
725 971 832 1011 enim
864 978 923 1011 est
956 978 1064 1010 aetas
1094 969 1279 1018 hominis,
1311 969 1387 1009 nisi
1416 983 1463 1009 ea
1493 983 1572 1010 me-

227 1036 351 1076 moria
384 1051 514 1076 rerum
545 1044 722 1076 veterum
754 1050 846 1076 cum
881 1035 1128 1088 superiorum
1159 1042 1287 1076 aetate
1318 1034 1572 1074 contexitur?

227 1102 568 1143 Commemoratio
593 1110 727 1141 autem
754 1101 999 1153 antiquitatis
1026 1102 1379 1152 exemplorumque
1401 1100 1571 1152 prolatio

226 1181 382 1207 summa
402 1181 494 1207 cum
519 1167 785 1208 delectatione
812 1175 851 1207 et
876 1166 1152 1207 auctoritatem
1183 1165 1352 1207 orationi
1377 1167 1504 1206 adfert
1530 1173 1570 1207 et
1590 1182 1627 1215 15

228 1234 361 1273 fidem.

281 1298 345 1338 Sic
378 1298 495 1349 igitur
527 1298 741 1338 instructus
772 1298 904 1339 veniet
937 1299 989 1338 ad
1022 1311 1172 1346 causas,
1207 1311 1374 1349 quarum
1404 1297 1570 1338 habebit

224 1378 369 1415 genera
406 1364 578 1415 primum
617 1364 703 1416 ipsa
740 1364 909 1416 cognita.
972 1364 1057 1403 Erit
1096 1363 1203 1403 enim
1222 1413 1223 1416 Ἰ
1242 1363 1278 1403 ei
1315 1369 1569 1414 perspectum

225 1429 324 1468 nihil
344 1429 491 1480 ambigi
511 1443 629 1480 posse
649 1429 690 1468 in
718 1443 799 1480 quo
825 1443 907 1469 non
934 1437 1002 1468 aut
1031 1443 1091 1469 res
1120 1428 1430 1469 controversiam
1450 1427 1568 1467 faciat

224 1502 292 1534 aut
321 1495 463 1534 verba:
497 1509 558 1535 res
589 1503 657 1534 aut
688 1497 739 1534 de
770 1509 863 1535 vero
894 1502 962 1534 aut
991 1496 1042 1535 de
1075 1502 1183 1535 recto
1212 1501 1281 1534 aut
1309 1495 1360 1534 de
1389 1493 1564 1542 nomine,
1586 1509 1629 1533 πο

223 1561 344 1600 verba
371 1568 440 1599 aut
468 1562 520 1600 de
547 1560 736 1612 ambiguo
764 1568 833 1599 aut
862 1562 913 1600 de
941 1560 1149 1599 contrario.
1209 1561 1315 1599 Nam
1344 1559 1377 1598 si
1403 1559 1567 1611 quando

224 1625 332 1665 aliud
364 1625 403 1664 in
435 1625 633 1665 sententia
662 1625 817 1665 videtur
848 1639 935 1665 esse
963 1625 1072 1665 aliud
1106 1625 1146 1664 in
1175 1624 1316 1672 verbis,
1351 1637 1476 1676 genus
1508 1631 1569 1664 est

226 1692 431 1742 quoddam
461 1691 637 1741 ambigui
668 1692 779 1742 quod
808 1705 855 1730 ex
883 1690 1094 1742 praeterito
1122 1691 1245 1731 verbo
1274 1689 1358 1729 fieri
1386 1691 1497 1738 solet,
1525 1689 1568 1729 in

225 1770 306 1807 quo
340 1758 451 1807 quod
486 1763 545 1796 est
577 1756 855 1807 ambiguorum
889 1756 1093 1808 proprium
1131 1769 1191 1795 res
1225 1757 1324 1795 duas
1358 1754 1568 1806 significari

225 1822 417 1861 videmus.
479 1823 583 1862 Cum
621 1829 703 1861 tam
733 1836 861 1873 pauca
898 1821 977 1861 sint
1014 1835 1158 1873 genera
1195 1834 1413 1868 causarum,
1447 1819 1567 1860 etiam
1587 1832 1626 1865 ²5

225 1894 548 1938 argumentorum
568 1895 780 1938 praecepta
798 1901 926 1938 pauca
945 1894 1047 1926 sunt.
1095 1886 1247 1926 Traditi
1269 1892 1361 1925 sunt
1380 1899 1402 1925 e
1422 1885 1567 1936 quibus

226 1966 273 1992 ea
285 1953 482 1991 ducantur
501 1952 681 2003 duplices
701 1952 779 1992 loci
795 1968 802 1992 :
832 1952 902 1991 uni
922 1966 944 1992 e
964 1953 1081 1992 rebus
1101 1951 1206 2003 ipsis,
1221 1950 1332 1990 alteri
1351 1949 1564 2002 adsumpti.

225 2017 427 2056 Tractatio
451 2017 567 2068 igitur
592 2031 722 2057 rerum
749 2017 868 2057 efficit
895 2017 1172 2057 admirabilem
1195 2016 1416 2056 orationem
1429 2030 1440 2065 3
1473 2029 1567 2055 nam

224 2082 333 2133 ipsae
368 2082 532 2133 quidem
561 2096 621 2122 res
651 2082 691 2121 in
720 2082 896 2134 perfacili
927 2082 1154 2134 cognitione
1182 2088 1395 2121 versantur.
1456 2081 1566 2131 Quid

225 2148 332 2187 enim
361 2147 440 2187 iam
470 2148 656 2199 sequitur,
686 2149 797 2199 quod
826 2148 990 2199 quidem
1019 2147 1111 2187 artis
1141 2147 1200 2196 sit,
1232 2146 1307 2186 nisi
1336 2145 1456 2186 ordiri
1484 2160 1566 2186 ora·
1583 2158 1627 2190 30

224 2213 389 2262 tionem,
410 2213 451 2252 in
471 2227 551 2265 quo
571 2221 639 2253 aut
659 2213 892 2254 concilietur
917 2213 1075 2253 auditor
1094 2220 1161 2252 aut
1182 2212 1350 2264 erigatur
1368 2218 1436 2251 aut
1455 2219 1566 2263 paret

270 2326 284 2347 1
311 2317 392 2347 nolo
419 2327 463 2348 ne
489 2317 543 2349 L:
567 2318 647 2349 volo
673 2328 716 2348 ne
741 2317 830 2349 codd.
859 2317 933 2350 dett.
1077 2318 1099 2348 6
1121 2318 1182 2350 sed
1206 2317 1308 2348 etiam
1324 2316 1383 2348 A:
1406 2316 1468 2347 sed
1484 2320 1519 2348 et
1534 2315 1564 2347 L

225 2369 263 2391 12
289 2371 328 2391 ea
344 2361 575 2393 memoriaA:
601 2362 804 2393 memoriaL
897 2371 935 2401 13
959 2361 1262 2401 superioribusA:
1285 2359 1464 2400 superiore
1474 2359 1564 2400 vulg.

222 2413 264 2443 ²5
288 2404 356 2434 sint
372 2402 402 2434 L
417 2415 423 2436 ς
448 2410 527 2435 sunt
543 2405 576 2435 Α
669 2406 712 2436 26
735 2415 843 2444 pauca
858 2410 938 2436 sunt
955 2404 1005 2438 L:
1031 2415 1141 2445 pauca
1154 2405 1187 2436 A
1258 2404 1382 2437 tradita
1397 2403 1431 2435 A
1521 2403 1565 2436 28

221 2447 507 2479 admirabiliorem
523 2447 554 2479 L
687 2458 727 2489 31
754 2449 789 2480 in
809 2459 876 2489 quo
900 2449 953 2481 L:
977 2449 1012 2480 in
1035 2459 1101 2490 qua
1124 2448 1158 2480 A
