1696 2730
716 148 927 189 TOPICA
1435 158 1483 188 10
1498 163 1539 198 41

154 261 295 311 Itaque
325 273 469 311 genera
499 259 571 299 tibi
599 267 696 299 nota
728 260 805 299 sint
819 275 830 309 3
864 260 931 300 ubi
965 268 1098 300 autem
1132 260 1188 300 eis
1222 268 1343 308 utare,
1365 273 1483 311 quae-

153 325 302 365 stiones
341 325 449 376 ipsae
487 332 526 364 te
563 326 851 364 admonebunt.
923 327 1024 365 Sunt
1057 325 1163 365 enim
1202 325 1481 365 similitudines
1500 337 1540 371 4²

153 404 256 442 quae
279 404 328 429 ex
353 389 530 441 pluribus
559 390 853 429 conlationibus
879 390 1114 442 perveniunt
1139 405 1220 442 quo
1239 392 1378 430 volunt
1404 392 1482 431 hoc

154 457 303 495 modo:
346 455 387 495 Si
420 463 525 495 tutor
557 457 679 495 fidem
717 463 913 506 praestare
946 457 1077 504 debet,
1112 456 1146 495 si
1183 456 1325 504 socius,
1356 456 1388 495 si
1417 456 1483 496 cui

116 538 135 571 5
155 518 365 567 mandaris,
394 518 426 557 si
456 518 525 570 qui
558 518 746 558 fiduciam
775 519 981 570 acceperit,
1004 520 1125 559 debet
1154 519 1273 558 etiam
1303 533 1484 570 procura-

153 591 224 623 tor.
293 586 409 624 Haec
455 598 503 623 ex
538 583 717 635 pluribus
755 583 988 634 perveniens
1026 598 1107 635 quo
1144 586 1228 624 vult
1264 586 1484 636 appellatur

153 648 343 697 inductio,
375 663 477 700 quae
507 651 658 689 Graece
687 650 863 702 ἐπαγωγὴ
892 649 1130 698 nominatur,
1162 663 1240 700 qua
1268 650 1482 700 plurimum

153 722 212 754 est
250 728 344 754 usus
382 714 423 753 in
457 714 706 754 sermonibus
745 716 937 753 Socrates.
995 716 1175 753 Alterum
1214 714 1482 754 similitudinis
1500 732 1543 763 43

153 794 278 831 genus
298 780 526 820 conlatione
555 780 732 829 sumitur,
755 795 847 819 cum
877 794 957 819 una
982 794 1042 820 res
1067 780 1146 829 uni,
1170 794 1239 831 par
1267 781 1350 831 pari
1378 795 1484 820 com-

98 869 137 892 10
155 854 312 897 paratur
331 847 409 885 hoc
428 847 575 885 modo:
606 847 738 895 Quem
758 847 810 885 ad
831 847 1008 894 modum,
1031 846 1063 885 si
1083 845 1124 884 in
1144 847 1241 885 urbe
1267 848 1318 886 de
1338 846 1484 885 finibus

155 911 421 950 controversia
454 919 523 958 est,
555 911 649 962 quia
682 912 780 950 fines
818 910 942 962 magis
975 925 1158 962 agrorum
1187 911 1371 951 videntur
1399 925 1485 950 esse

155 990 275 1028 quarn
305 976 423 1024 urbis,
446 976 591 1015 finibus
620 976 801 1027 regendis
829 976 987 1028 adigere
1015 976 1204 1016 arbitrum
1234 991 1316 1016 non
1345 976 1483 1028 possis,

155 1042 223 1090 sic,
245 1042 277 1081 si
306 1056 410 1093 aqua
438 1041 571 1092 pluvia
599 1041 640 1080 in
664 1042 762 1080 urbe
786 1049 914 1089 nocet,
944 1041 1134 1092 quoniam
1163 1056 1224 1082 res
1253 1050 1336 1082 tota
1362 1041 1486 1093 magis

155 1121 338 1159 agrorum
359 1115 430 1155 est,
451 1121 578 1157 aquae
605 1106 760 1158 pluviae
780 1108 975 1146 arcendae
1003 1107 1162 1158 adigere
1187 1107 1377 1147 arbitrum
1403 1121 1486 1147 non

101 1191 137 1224 ¹5
157 1172 296 1224 possis.
347 1175 406 1212 Ex
426 1174 570 1212 eodem
590 1171 859 1211 similitudinis
879 1173 969 1212 loco
989 1172 1108 1211 etiam
1128 1174 1308 1224 exempla
1328 1186 1487 1212 sumun-
1504 1189 1547 1220 44

157 1246 229 1286 tur,
263 1245 306 1277 ut
341 1239 506 1278 Crassus
539 1237 580 1275 in
613 1250 733 1276 causa
761 1236 934 1277 Curiana
962 1237 1151 1288 exemplis
1186 1237 1363 1288 plurimis
1392 1251 1486 1276 usus

158 1304 228 1350 est,
250 1302 319 1353 qui
339 1308 577 1341 testamento
601 1301 658 1340 sic
678 1302 843 1340 heredes
866 1300 1109 1349 instituisset,
1128 1309 1170 1340 ut
1190 1301 1222 1340 si
1242 1301 1344 1340 filius
1370 1310 1486 1340 natus

158 1375 262 1407 esset
281 1367 322 1406 in
338 1368 478 1406 decem
500 1366 703 1406 mensibus
723 1366 836 1417 isque
857 1375 1035 1406 mortuus
1054 1367 1161 1418 prius
1182 1381 1302 1418 quam
1318 1367 1359 1405 in
1374 1380 1486 1406 suam

158 1434 321 1472 tutelam
354 1432 536 1479 venisset,
577 1431 836 1471 hereditatem
884 1432 1160 1471 obtinuissent.
1231 1434 1346 1482 Quae
1383 1446 1489 1471 com-

98 1516 140 1539 20
159 1497 394 1538 memoratio
422 1499 692 1548 exemplorum
722 1497 852 1545 valuit,
884 1511 1010 1548 eaque
1039 1511 1109 1537 vos
1137 1498 1178 1536 in
1206 1499 1488 1549 respondendo

159 1563 216 1602 uti
263 1565 432 1602 multum
480 1562 625 1602 soletis.
686 1562 796 1601 Ficta
842 1562 949 1601 enim
997 1565 1178 1614 exempla
1219 1563 1488 1602 similitudinis
1504 1577 1545 1609 45

156 1628 308 1668 habent
345 1627 425 1666 vim
441 1642 451 1676 3
493 1629 564 1666 sed
601 1641 649 1666 ea
685 1627 854 1667 oratoria
891 1627 1015 1678 magis
1053 1636 1145 1667 sunt
1183 1642 1303 1679 quam
1337 1636 1489 1677 vestra;

158 1707 401 1744 quamquam
434 1692 490 1731 uti
524 1692 644 1732 etiam
677 1706 747 1731 vos
781 1692 927 1740 soletis,
961 1694 1032 1732 sed
1065 1694 1142 1732 hoc
1176 1695 1322 1732 modo:
1366 1693 1490 1745 Finge

160 1758 360 1810 mancipio
397 1758 570 1809 aliquem
610 1757 768 1797 dedisse
813 1757 853 1796 id
898 1759 1007 1808 quod
1046 1758 1246 1809 mancipio
1283 1758 1368 1797 dari
1407 1772 1489 1798 non

101 1845 141 1879 25
158 1832 299 1876 potest.
359 1826 468 1863 Num
498 1823 646 1862 idcirco
673 1823 714 1862 id
741 1823 824 1862 eius
853 1825 1001 1862 factum
1030 1831 1090 1862 est
1118 1823 1187 1874 qui
1212 1824 1394 1875 accepit?
1421 1831 1491 1863 aut

158 1903 255 1929 num
285 1889 317 1928 is
346 1889 414 1940 qui
444 1888 643 1940 mancipio
672 1888 783 1927 dedit
811 1888 864 1927 ob
898 1902 986 1927 eam
1018 1902 1099 1927 rem
1135 1902 1177 1928 se
1210 1890 1289 1927 ulla
1321 1903 1361 1928 re
1394 1890 1492 1929 obli-

159 1955 293 2006 gavit?
351 1957 398 1994 In
419 1955 496 1993 hoc
515 1968 659 2004 genere
679 1953 899 1992 oratoribus
919 1961 958 1992 et
984 1953 1232 2005 philosophis
1252 1967 1489 1993 concessum

160 2028 230 2068 est,
253 2027 296 2059 ut
316 2027 427 2058 muta
453 2019 572 2058 etiam
599 2021 821 2069 loquantur,
845 2026 887 2057 ut
916 2018 1062 2058 mortui
1090 2019 1141 2058 ab
1167 2018 1300 2058 inferis
1321 2019 1491 2059 exciten-

161 2094 232 2134 tur,
255 2093 298 2124 ut
323 2084 475 2135 aliquid
504 2085 614 2135 quod
643 2083 726 2123 fieri
755 2085 865 2123 nullo
895 2085 1018 2123 modo
1045 2083 1171 2134 possit
1198 2086 1405 2136 augendae
1434 2085 1489 2124 rei

101 2166 142 2199 30
160 2150 282 2202 gratia
301 2150 454 2189 dicatur
473 2157 541 2188 aut
561 2149 812 2196 minuendae,
835 2162 937 2200 quae
965 2151 1162 2200 ὑπερβολὴ
1189 2149 1342 2198 dieitur,
1366 2152 1490 2190 multa

160 2215 237 2255 alia
267 2214 471 2254 mirabilia.
530 2215 610 2254 Sed
647 2213 761 2252 latior
798 2221 858 2253 est
894 2227 1059 2266 campus
1096 2214 1264 2254 illorum.
1325 2214 1488 2255 Eisdem

209 2330 259 2359 11,
278 2329 317 2351 12
341 2320 418 2360 quia
437 2344 444 2351 .
462 2343 470 2351 .
491 2344 498 2352 .
516 2319 611 2350 urbis
631 2319 700 2350 secl.
727 2318 900 2351 Friedrich.
956 2317 1043 2350 Loco
1067 2318 1216 2350 medetur
1235 2318 1377 2360 Madvig
1397 2319 1488 2352 Adv.

163 2363 239 2396 Crit.
259 2363 290 2395 ii.
310 2373 372 2403 192
515 2373 619 2403 17-19
641 2362 697 2402 qui
714 2386 722 2393 .
743 2385 751 2394 .
769 2386 777 2393 .
796 2362 1022 2394 obtinuissent
1036 2363 1103 2394 secl.
1119 2362 1281 2394 Friedn'ch
1298 2375 1305 2394 :
1328 2363 1490 2395 heredem

161 2432 168 2440 .
188 2432 197 2440 .
213 2432 221 2441 .
238 2407 408 2439 obtineret
424 2406 620 2438 Manutius:
644 2406 701 2446 qui
718 2416 792 2437 cum
810 2429 818 2438 .
839 2429 848 2438 .
865 2429 873 2438 .
892 2406 1035 2438 instituti
1053 2411 1170 2438 essent
1185 2405 1327 2448 Madvig
