1630 2730
690 160 909 199 BRVTVS
1442 158 1466 195 8
1486 174 1524 206 31

134 273 343 325 antiquior,
367 275 437 314 sed
463 275 572 322 haec,
595 273 636 312 in
663 287 741 324 qua
767 274 818 312 de
841 272 958 312 bonis
984 272 1101 311 rebus
1130 279 1169 311 et
1196 271 1307 310 malis
1335 273 1466 322 deque

135 339 343 379 hominum
364 340 442 378 vita
462 347 501 379 et
520 339 696 379 moribus
716 339 948 390 disputatur,
966 338 1127 377 inventa
1146 337 1299 377 dicitur.
1343 338 1466 386 Quod

135 405 325 456 quoniam
353 419 477 456 genus
503 406 554 444 ab
583 406 661 444 hoc
685 406 794 456 quod
820 403 1099 455 proposuimus
1123 404 1319 452 abhorret,
1341 404 1467 455 philo-

135 471 283 521 sophos
313 470 421 509 aliud
451 470 492 508 in
522 478 679 521 tempus
709 469 941 518 reiciamus;
980 470 1032 508 ad
1061 476 1245 517 oratores,
1271 483 1294 508 a
1320 469 1465 519 quibus

99 547 117 579 5
135 534 298 586 digressi
318 548 465 583 sumus,
487 543 735 574 revertamur.
795 534 954 573 Exstitit
974 533 1090 584 igitur
1109 534 1187 572 iam
1208 534 1369 573 senibus
1389 533 1464 572 illis
1486 543 1523 574 32

136 613 236 650 quos
264 602 384 651 paulo
412 608 504 639 ante
535 599 705 639 diximus
741 601 946 647 Isocrates,
980 599 1092 638 cuius
1123 600 1268 638 domus
1297 607 1465 638 cunctae

137 665 326 704 Graeciae
345 665 458 715 quasi
478 666 595 704 ludus
616 664 779 715 quidam
806 664 932 715 patuit
958 672 1078 715 atque
1098 664 1256 703 officina
1279 664 1440 704 dicendi
1454 679 1465 713 3

135 743 301 781 magnus
339 739 468 770 orator
501 738 540 769 et
573 731 768 781 perfectus
807 729 1001 780 magister,
1038 743 1279 780 quamquam
1319 729 1465 768 forensi

135 797 223 834 luce
242 795 365 834 caruit
385 795 565 846 intraque
585 795 753 845 parietes
775 794 873 833 aluit
896 808 984 834 eam
1011 794 1175 845 gloriam
1195 808 1316 845 quam
1344 808 1464 834 nemo

81 876 118 898 ιο
137 873 228 899 meo
248 859 411 910 quidem
430 859 578 899 iudicio
599 867 658 899 est
684 867 823 910 postea
846 866 1095 898 consecutus.
1154 861 1194 898 Is
1215 866 1253 898 et
1273 858 1357 910 ipse
1377 859 1466 897 scri-

136 924 214 976 psit
234 926 358 963 multa
384 926 580 975 praeclare
608 932 646 963 et
673 924 810 963 docuit
835 924 932 963 alios
947 939 957 972 3
986 932 1025 964 et
1050 938 1142 963 cum
1168 931 1298 963 cetera
1324 924 1464 963 melius

136 1003 256 1041 quam
283 990 503 1040 superiores
531 997 615 1028 tum
642 989 791 1040 primus
817 989 1007 1028 intellexit
1033 989 1151 1028 etiam
1174 989 1215 1028 in
1236 991 1365 1029 soluta
1384 1003 1467 1028 ora-

135 1055 255 1103 tione,
285 1056 381 1094 dum
410 1068 566 1093 versum
596 1056 799 1104 effugeres,
828 1056 994 1094 modum
1024 1062 1158 1094 tamen
1186 1062 1226 1094 et
1254 1067 1464 1094 numerum

136 1121 338 1171 quendam
376 1128 557 1171 oportere
598 1119 751 1158 servari.
822 1122 928 1159 Ante
966 1121 1073 1159 hunc
1110 1120 1217 1159 enim
1254 1121 1465 1159 verborum
1485 1135 1524 1167 33

78 1204 118 1236 15
137 1185 249 1236 quasi
279 1193 472 1224 structura
500 1193 539 1224 et
569 1186 765 1235 quaedam
796 1187 848 1224 ad
880 1199 1090 1224 numerum
1121 1185 1325 1225 conclusio
1357 1187 1466 1224 nulla

135 1258 218 1290 erat
244 1258 326 1299 aut,
346 1250 377 1289 si
406 1251 568 1301 quando
597 1258 689 1298 erat,
712 1264 793 1289 non
821 1251 1036 1301 apparebat
1065 1264 1152 1289 eam
1181 1251 1318 1290 dedita
1346 1265 1466 1302 opera

137 1329 223 1356 esse
243 1316 620 1366 quaesitam—quae
640 1315 802 1354 forsitan
822 1317 906 1354 laus
927 1315 986 1363 sit,
1008 1329 1144 1354 verum
1168 1323 1302 1354 tamen
1326 1324 1465 1355 natura

137 1381 260 1432 magis
280 1388 364 1419 tum
380 1394 564 1431 casuque,
583 1394 664 1420 non
679 1394 869 1431 umquam
889 1388 957 1419 aut
977 1380 1127 1420 ratione
1146 1381 1279 1432 aliqua
1297 1389 1365 1420 aut
1385 1383 1465 1420 ulla

137 1446 411 1486 observatione
448 1446 579 1485 fiebat.
649 1447 743 1496 Ipsa
779 1445 883 1485 enim
923 1453 1063 1485 natura
1100 1445 1463 1498 circumscriptione
1483 1461 1527 1494 34

79 1530 120 1552 20
137 1513 310 1562 quadam
338 1512 548 1550 verborum
577 1511 881 1562 comprehendit
905 1510 1187 1562 concluditque
1214 1511 1461 1559 sententiam,

137 1590 239 1627 quae
259 1590 351 1615 cum
371 1576 473 1627 aptis
493 1576 706 1615 constricta
725 1576 854 1615 verbis
875 1584 947 1624 est,
967 1575 1073 1615 cadit
1092 1575 1211 1615 etiarn
1231 1578 1465 1627 plerumque

137 1655 357 1681 numerose.
407 1644 512 1680 Nam
533 1650 573 1681 et
590 1655 703 1682 aures
723 1642 832 1693 ipsae
860 1642 957 1692 quid
977 1644 1150 1692 plenum,
1166 1642 1263 1692 quid
1283 1643 1400 1681 inane
1417 1643 1466 1681 sit

137 1707 314 1746 iudicant
339 1715 377 1746 et
403 1707 540 1758 spiritu
566 1707 679 1758 quasi
704 1707 938 1747 necessitate
963 1707 1096 1758 aliqua
1120 1708 1331 1747 verborum
1361 1722 1467 1747 com-

135 1772 347 1824 prehensio
375 1772 628 1820 terminatur3
662 1772 702 1810 in
732 1786 812 1823 quo
841 1786 923 1811 non
949 1774 1071 1811 modo
1100 1772 1217 1811 defici
1246 1774 1316 1812 sed
1346 1773 1464 1812 etiam

80 1855 118 1888 25
136 1838 313 1877 laborare
332 1845 445 1888 turpe
464 1845 534 1876 est.
592 1839 697 1876 Tum
726 1837 798 1876 suit
819 1837 955 1888 Lysias
982 1837 1066 1888 ipse
1093 1837 1256 1888 quidem
1276 1838 1317 1876 in
1337 1838 1465 1878 causis

136 1902 358 1942 forensibus
387 1916 469 1941 non
492 1910 678 1948 versatus,
701 1904 771 1942 sed
798 1902 950 1953 egregie
977 1903 1129 1942 subtilis
1156 1903 1321 1953 scriptor
1346 1911 1466 1954 atque

137 1969 308 2018 elegans,
323 1981 443 2018 quem
463 1967 540 2006 iam
562 1981 685 2018 prope
705 1969 851 2007 audeas
867 1975 1062 2007 oratorem
1083 1970 1300 2019 perfectum
1321 1969 1465 2009 dicere.

139 2033 243 2071 Nam
263 2034 380 2083 plane
400 2032 563 2083 quidem
583 2035 801 2084 perfectum
823 2041 862 2072 et
881 2033 976 2084 quoi
1002 2033 1100 2072 nihil
1124 2035 1343 2073 admodum
1365 2035 1467 2074 desit

1486 1809 1514 1846 9

1485 1869 1526 1903 35

180 2137 201 2167 8
224 2141 258 2167 et
270 2136 440 2176 perfectus
452 2138 614 2177 magister
622 2137 690 2169 secl.
703 2137 793 2168 Bake
805 2136 856 2177 (cfi
865 2137 981 2177 Rufin.
990 2143 1024 2179 p.
1033 2139 1093 2178 189
1102 2137 1176 2178 Or.)
1272 2149 1311 2170 10
1328 2139 1467 2179 quidem

137 2190 214 2211 meo
237 2179 368 2210 BHM:
398 2181 532 2219 quidem
556 2191 622 2212 om.
649 2180 767 2220 Rufin.
905 2182 944 2211 18
968 2192 1036 2212 non
1064 2192 1213 2222 unquam
1236 2182 1351 2214 Peter:
1383 2194 1466 2214 non-

138 2234 308 2264 nunquam
324 2223 420 2254 autL
434 2236 442 2255 ε
466 2234 718 2264 nonnumquam
735 2225 824 2255 haud
837 2223 971 2264 Rufin.:
995 2230 1116 2256 natura
1131 2226 1290 2263 magistra
1307 2237 1464 2266 casuque,

138 2277 206 2298 non
224 2277 370 2307 unquam
388 2267 553 2299 Baehrens
640 2279 739 2308 quam
764 2268 839 2299 add.
858 2269 946 2309 vulg.
965 2281 972 2300 ε
1002 2279 1067 2300 om.
1086 2269 1115 2299 L
1133 2273 1162 2300 et
1176 2269 1293 2310 Rufin.
1400 2271 1467 2302 ulla

136 2310 265 2341 addidit
277 2311 448 2342 FYeckeisen
464 2322 502 2342 ex
514 2311 642 2350 Rufino
749 2322 793 2343 20
816 2312 995 2343 verborum
1009 2313 1080 2344 secl.
1092 2311 1216 2344 Schata
1325 2324 1363 2344 21
1390 2324 1467 2345 con-

137 2354 254 2385 stricta
269 2354 354 2385 FO:
378 2355 630 2395 circumscripta
646 2355 733 2387 codd.
752 2367 759 2387 :
783 2360 911 2387 structa
926 2355 1016 2386 Bake
1074 2358 1118 2387 26
1139 2362 1294 2389 versatus
1312 2357 1360 2389 0¹¹
1376 2361 1468 2390 vetus

138 2397 180 2429 28
203 2398 255 2429 cui
271 2399 361 2440 vulg.
380 2409 387 2429 :
409 2409 477 2439 quo
493 2398 577 2430 FO:
601 2399 654 2430 cui
670 2409 738 2440 quo
757 2398 803 2431 G¹
823 2411 830 2431 :
853 2400 888 2430 in
905 2410 972 2440 quo
989 2399 1078 2432 codd.
