1696 2730
30 1507 38 1518 ”
106 1530 148 1554 20
219 1515 300 1554 Sed
337 1513 527 1565 quoniam
559 1511 614 1551 ita
646 1526 670 1551 a
702 1511 896 1563 principio
929 1510 1146 1558 divisimus,
1181 1516 1224 1548 ut
1256 1508 1353 1547 alios
1386 1509 1496 1547 locos

717 159 928 199 TOPICA
1447 155 1493 194 18
1519 168 1561 206 70

162 275 248 315 aliis
262 290 273 325 5
300 287 402 326 quae
422 273 463 313 in
482 280 617 313 nostra
636 286 757 324 quam
777 285 880 323 quae
902 271 943 311 in
962 270 1129 310 aliorum
1155 275 1350 321 potestate
1376 275 1468 307 sunt
1482 282 1493 317 ;

164 339 320 380 stabilia
343 338 502 379 incertis
515 353 527 388 5
555 351 658 389 quae
681 337 778 389 eripi
803 350 886 376 non
911 343 1078 388 possunt
1104 334 1160 374 eis
1186 347 1289 385 quae
1313 340 1491 385 possunt.

163 404 350 445 Adfectio
375 412 509 443 autem
534 404 587 443 ad
612 416 673 442 res
698 402 850 453 aliquas
873 410 933 441 est
960 401 1077 440 huius
1104 399 1237 439 modi:
1271 398 1494 450 principum

165 471 380 510 commoda
398 469 547 508 maiora
566 482 687 519 quam
707 467 947 518 reliquorum
962 481 972 516 5
1000 466 1177 516 itemque
1195 478 1298 516 quae
1317 463 1495 503 iucundi-

125 547 143 580 5
164 548 243 584 ora,
265 548 367 586 quae
386 533 564 585 pluribus
583 533 759 585 probata,
778 546 880 583 quae
899 532 951 571 ab
970 531 1123 582 optimo
1143 543 1304 581 quoque
1323 530 1493 568 laudata.

166 603 299 651 Atque
325 608 368 638 ut
394 601 493 639 haec
512 599 553 638 in
573 597 870 649 comparatione
896 597 1072 645 meliora,
1092 595 1148 635 sic
1174 595 1369 634 deteriora
1393 607 1495 645 quae

165 665 221 704 eis
241 673 332 704 sunt
352 663 556 704 contraria.
602 663 760 702 Parium
780 670 914 701 autem
930 661 1174 712 comparatio
1193 674 1268 700 nec
1283 660 1495 699 elationem
1516 674 1552 708 71

163 731 285 770 habet
303 744 378 769 nec
397 728 718 769 summissionem
733 743 743 777 5
772 734 831 767 est
850 726 957 767 enim
976 725 1162 776 aequalis.
1213 727 1344 764 Multa
1361 732 1495 763 autem

165 802 258 834 sunt
283 809 386 846 quae
410 793 648 845 aequalitate
675 792 760 844 ipsa
779 799 1059 843 comparantur
1072 806 1083 841 5
1111 804 1213 842 quae
1233 790 1287 829 ita
1305 791 1385 828 fere
1405 802 1497 828 con-

106 879 146 903 10
165 861 402 900 cluduntur:
450 859 491 899 Si
524 858 691 899 consilio
728 857 860 897 iuvare
892 857 997 896 cives
1031 864 1070 896 et
1107 855 1253 896 auxilio
1290 868 1418 906 aequa
1454 854 1495 893 in

164 927 282 966 laude
307 926 541 976 ponendum
568 932 641 973 est,
660 923 744 975 pari
767 923 891 974 gloria
915 923 1066 963 debent
1090 935 1176 962 esse
1200 922 1236 960 ei
1262 920 1331 972 qui
1357 933 1497 960 consu-

164 993 251 1030 lunt
276 999 315 1030 et
341 991 377 1031 ei
403 990 472 1042 qui
497 991 718 1030 defendunt
733 1005 744 1039 5
775 997 816 1028 at
841 990 951 1040 quod
979 988 1165 1040 primum,
1189 995 1248 1027 est
1261 1003 1272 1037 5
1305 987 1415 1037 quod
1441 999 1498 1025 se-

165 1056 297 1107 quitur
325 1056 451 1107 igitur.
510 1057 689 1095 Perfecta
714 1063 773 1095 est
800 1054 931 1093 omnis
956 1060 1278 1105 argumentorum
1297 1051 1498 1091 invenien-

164 1123 307 1161 dorum
339 1121 576 1173 praeceptio,
612 1129 665 1169 ut,
702 1134 794 1160 cum
831 1122 1030 1172 profectus
1068 1119 1120 1158 sis
1147 1132 1172 1158 a
1200 1117 1446 1167 definitione,
1474 1130 1498 1156 a

108 1204 144 1237 ¹5
164 1186 388 1238 partitione,
420 1201 444 1226 a
476 1186 692 1234 notatione,
727 1200 750 1225 a
787 1184 1016 1236 coniugatis,
1048 1198 1072 1223 a
1103 1197 1257 1234 genere,
1291 1197 1316 1222 a
1347 1182 1494 1230 formis,

164 1265 189 1291 a
208 1252 476 1300 similitudine,
494 1266 517 1291 a
537 1251 769 1300 differentia,
788 1265 812 1290 a
831 1250 1045 1297 contrariis,
1063 1250 1114 1289 ab
1133 1248 1342 1296 adiunctis,
1363 1261 1387 1286 a
1404 1260 1498 1286 con-

164 1318 434 1370 sequentibus,
461 1318 512 1357 ab
541 1316 884 1364 antecedentibus,
908 1330 932 1354 a
956 1313 1277 1367 repugnantibus,
1306 1327 1329 1351 a
1355 1311 1494 1360 causis,

163 1385 216 1424 ab
235 1383 395 1431 effectis,
412 1396 436 1422 a
454 1382 750 1433 comparatione
770 1381 964 1420 maiorum
984 1379 1183 1419 minorum
1202 1377 1366 1429 parium,
1389 1378 1498 1416 nulla

164 1457 366 1500 praeterea
384 1449 499 1487 sedes
518 1446 738 1497 argumenti
759 1447 986 1497 quaerenda
1004 1445 1064 1484 sit.
1515 1493 1563 1532 19

168 1579 390 1619 diceremus
410 1578 451 1617 in
475 1591 524 1617 eo
549 1577 636 1628 ipso
662 1578 714 1616 de
739 1590 821 1627 quo
848 1575 1060 1627 ambigitur
1085 1576 1255 1622 haerere,
1278 1574 1329 1612 de
1352 1572 1498 1623 quibus
1517 1552 1557 1587 7²

167 1644 260 1684 satis
298 1651 358 1683 est
391 1643 557 1692 dictum,
591 1642 688 1682 alios
721 1641 878 1681 adsumi
909 1640 1162 1687 extrinsecus,
1198 1640 1249 1678 de
1282 1637 1339 1677 eis
1371 1651 1499 1688 pauca

167 1709 358 1757 dicamus,
398 1708 472 1748 etsi
513 1721 560 1747 ea
597 1707 695 1746 nihil
733 1706 899 1746 omnino
936 1706 989 1744 ad
1025 1712 1172 1744 vestras
1209 1702 1499 1754 disputationes

166 1774 390 1826 pertinent5
418 1774 489 1813 sed
514 1781 648 1812 tamen
674 1779 798 1811 totam
818 1785 901 1810 rem
921 1770 1148 1818 efficiamus,
1170 1767 1499 1820 quandoquidem

108 1863 147 1896 25
166 1839 382 1890 coepimus.
442 1839 586 1889 Neque
613 1837 719 1877 enim
747 1844 789 1876 tu
815 1836 848 1875 is
875 1849 916 1875 es
938 1849 1056 1886 quem
1082 1834 1180 1873 nihil
1200 1833 1275 1872 nisi
1299 1833 1360 1872 ius
1386 1832 1500 1872 civile

166 1906 349 1952 delectet,
371 1911 410 1944 et
430 1902 621 1955 quoniam
644 1903 743 1942 haec
769 1901 824 1940 ita
849 1902 901 1940 ad
927 1908 966 1939 te
989 1900 1227 1948 scribuntur,
1246 1906 1289 1937 ut
1312 1898 1432 1938 etiam
1458 1898 1499 1937 in

166 1970 332 2010 aliorum
349 1983 490 2008 manus
511 1968 588 2007 sint
607 1975 785 2015 ventura,
800 1968 915 2006 detur
933 1979 1063 2017 opera,
1082 1972 1125 2004 ut
1145 1978 1264 2015 quam
1284 1957 1499 2015 plurimuffi

167 2036 223 2076 eis
251 2049 352 2086 quos
381 2042 488 2074 recta
517 2033 648 2073 studia
676 2034 876 2072 delectant
897 2032 1087 2083 prodesse
1115 2029 1323 2082 possimus.
1384 2030 1500 2068 Haec
1520 2037 1559 2072 73

167 2114 260 2152 ergo
285 2098 584 2150 argumentatio,
611 2111 714 2149 quae
737 2096 880 2136 dicitur
907 2095 1000 2135 artis
1028 2109 1177 2147 expers,
1204 2094 1245 2133 in
1271 2093 1500 2133 testimonio

107 2186 150 2218 30
167 2166 296 2218 posita
321 2174 390 2206 est.
448 2163 742 2204 Testimonium
765 2170 898 2202 autem
922 2175 1029 2201 nunc
1052 2160 1222 2201 dicimus
1250 2172 1370 2199 omne
1390 2160 1500 2210 quod

166 2233 218 2272 ab
237 2231 370 2282 aliqua
387 2244 429 2270 re
448 2238 609 2269 externa
631 2228 798 2268 sumitur
816 2229 868 2267 ad
887 2226 1111 2266 faciendam
1135 2227 1266 2265 fidem.
1326 2226 1501 2263 Persona

168 2305 302 2337 autem
330 2309 413 2336 non
441 2294 742 2347 qualiscumque
765 2300 825 2333 est
850 2291 1052 2332 testimoni
1078 2292 1238 2344 pondus
1266 2289 1387 2329 habet
1400 2303 1411 2338 5
1447 2290 1500 2328 ad

210 2411 232 2441 9
256 2404 500 2441 comparantur
518 2397 635 2437 OLbs:
659 2400 901 2437 comparentur
924 2393 1012 2427 codd.
1165 2402 1202 2424 12
1226 2397 1261 2424 at
1281 2393 1372 2432 quod
1394 2391 1500 2432 OBcf:

166 2445 259 2486 atqui
273 2443 429 2476 Boethius
443 2454 451 2475 ε
475 2447 510 2474 et
525 2441 616 2483 quod
632 2440 722 2472 codd.

1353 2488 1414 2522 17*
