1696 2730
640 157 878 198 ORATOR
1379 156 1431 205 58

98 269 272 310 dicendo
308 277 441 309 autem
478 269 576 308 nihil
614 276 673 308 est
709 267 968 319 propositum,
1011 265 1086 305 nisi
1123 273 1167 305 ut
1204 279 1255 305 ne
1292 266 1432 307 immo-

97 336 234 374 derata
251 343 319 374 aut
337 342 503 386 angusta
519 342 588 374 aut
607 334 799 374 dissoluta
817 341 885 373 aut
905 334 1030 372 fluens
1050 331 1100 371 sit
1119 331 1255 371 oratio.
1288 333 1430 382 Itaque

98 413 180 439 non
209 407 300 439 sunt
327 400 368 439 in
397 414 444 440 ea
472 408 675 451 tamquam
704 399 855 439 tibicini
884 397 1185 450 percussionum
1215 397 1336 445 modi,
1359 399 1430 436 sed

98 465 279 506 universa
307 465 611 517 comprehensio
648 472 687 504 et
724 464 875 515 species
909 462 1096 503 orationis
1130 463 1264 501 clausa
1291 470 1331 501 et
1359 470 1431 501 ter-

61 545 79 577 5
98 530 247 570 minata
265 538 338 580 est,
357 532 467 582 quod
486 532 689 582 voluptate
708 530 862 570 aurium
882 529 1088 569 iudicatur.

150 597 260 636 Solet
290 605 424 636 autem
453 595 588 647 quaeri
616 603 754 635 totone
782 595 822 634 in
851 594 1004 634 ambitu
1032 594 1242 633 verborum
1275 593 1429 632 numeri

97 662 260 702 tenendi
280 662 358 701 sint
376 676 428 701 an
447 661 488 700 in
507 661 643 712 primis
663 661 839 712 partibus
858 668 978 711 atque
1004 659 1045 698 in
1071 659 1254 698 extremis
1270 673 1281 708 3
1319 658 1430 710 pleri-

97 740 176 778 que
195 726 302 766 enim
321 735 485 767 censent
514 729 655 766 cadere
683 734 838 765 tantum
864 738 1075 765 numerose
1101 732 1283 775 oportere
1303 724 1431 763 termi-

97 792 261 843 narique
289 793 535 832 sententiam.
595 793 668 831 Est
685 800 830 840 autem,
853 799 897 831 ut
922 791 963 831 id
984 790 1154 829 maxime
1174 791 1325 837 deceat,
1347 803 1429 828 non

42 868 80 891 10
97 865 141 897 ut
160 860 289 897 solum
306 874 316 908 3
344 860 555 909 ponendus
579 865 638 897 est
657 857 763 898 enim
783 857 848 897 ille
873 856 1058 904 ambitus,
1080 869 1162 895 non
1181 854 1426 894 abiciendus.

99 924 190 973 Qua
215 937 256 963 re
282 937 373 963 cum
401 938 514 963 aures
548 931 766 963 extremum
795 935 951 973 semper
979 928 1208 972 exspectent
1230 920 1271 959 in
1301 934 1429 971 eoque

96 988 361 1040 acquiescant,
392 989 434 1028 id
463 1002 600 1028 vacare
633 1001 799 1027 numero
828 1002 909 1027 non
941 994 1110 1038 oportet,
1139 987 1210 1025 sed
1239 987 1291 1025 ad
1322 987 1429 1025 hunc

97 1053 245 1094 exitum
273 1054 351 1092 iam
381 1068 404 1093 a
432 1053 626 1105 principio
654 1052 743 1093 ferri
772 1053 892 1092 debet
921 1053 1130 1091 verborum
1160 1051 1226 1090 illa
1253 1064 1429 1101 compre-

96 1119 238 1158 hensio
266 1127 305 1158 et
327 1127 410 1159 tota
435 1133 458 1158 a
486 1119 615 1170 capite
643 1119 697 1158 ita
724 1120 856 1166 fluere,
878 1125 922 1157 ut
947 1119 999 1157 ad
1028 1125 1245 1157 extremum
1266 1116 1428 1156 veniens

40 1198 79 1231 ¹5
97 1182 182 1235 ipsa
200 1184 400 1223 consistat.
459 1186 509 1224 Id
527 1192 661 1224 autem
680 1185 788 1224 bona
813 1183 1023 1235 disciplina
1050 1182 1279 1230 exercitatis,
1302 1181 1370 1232 qui
1390 1189 1429 1221 et

98 1251 222 1289 multa
250 1250 474 1301 scripserint
502 1257 541 1289 et
570 1263 847 1300 quaecumque
873 1249 991 1288 etiam
1018 1248 1103 1287 sine
1129 1247 1274 1299 scripto
1294 1247 1428 1287 dicent

97 1315 239 1355 similia
266 1315 500 1366 scriptorum
529 1314 740 1363 effecerint,
768 1328 850 1354 non
879 1314 950 1354 erit
978 1313 1263 1353 difficillimum.
1322 1314 1428 1351 Ante

96 1380 203 1420 enim
236 1380 567 1420 circumscribitur
600 1388 733 1420 mente
764 1379 959 1420 sententia
992 1377 1282 1428 confestimque
1311 1378 1430 1416 verba

97 1453 346 1494 concurrunt,
369 1459 471 1496 quae
490 1459 603 1485 mens
623 1447 774 1493 eadem,
800 1459 878 1496 qua
898 1444 996 1484 nihil
1015 1451 1074 1483 est
1100 1443 1276 1490 celerius,
1298 1442 1429 1481 statim

38 1522 80 1547 ιο
97 1510 270 1558 dimittit,
305 1519 348 1549 ut
386 1524 458 1550 suo
491 1511 681 1562 quodque
711 1512 801 1550 loco
834 1511 1125 1561 respondeant,
1167 1522 1335 1559 quorum
1375 1507 1431 1547 di-

97 1576 264 1626 scriptus
295 1577 394 1615 ordo
423 1575 519 1615 alias
552 1576 628 1614 alia
660 1575 937 1614 terminatione
970 1573 1231 1614 concluditur.
1295 1575 1430 1623 Atque

96 1641 231 1681 omnia
263 1641 328 1680 illa
361 1649 400 1680 et
428 1641 554 1692 prima
591 1649 630 1680 et
667 1640 800 1680 media
835 1641 956 1679 verba
992 1647 1169 1691 spectare
1199 1639 1349 1678 debent
1377 1639 1429 1678 ad

95 1706 289 1746 ultimum.
350 1707 557 1746 Interdum
586 1705 693 1745 enim
722 1719 858 1745 cursus
884 1713 942 1744 est
962 1704 1003 1743 in
1023 1704 1201 1744 oratione
1220 1703 1427 1752 incitatior,

95 1771 294 1812 interdum
315 1773 518 1811 moderata
537 1770 737 1822 ingressio,
760 1778 803 1810 ut
832 1770 909 1810 iam
935 1784 959 1809 a
987 1769 1181 1821 principio
1210 1768 1429 1808 videndum

0 1857 2 1905 i
37 1849 78 1882 25
96 1836 146 1876 sit
174 1850 294 1888 quem
322 1838 373 1876 ad
407 1838 573 1876 modum
605 1836 702 1876 velis
733 1835 866 1875 venire
899 1837 951 1875 ad
984 1843 1213 1875 extremum.
1273 1836 1360 1874 Nec
1389 1834 1430 1873 in

0 1906 2 1960 ᾗ
96 1901 269 1941 numeris
290 1901 412 1953 magis
432 1915 552 1952 quam
573 1901 613 1940 in
633 1900 792 1952 reliquis
812 1900 1054 1940 ornamentis
1074 1899 1273 1947 orationis,
1288 1900 1429 1938 eadem

0 1985 2 2016 1
95 1980 186 2006 cum
225 1966 415 2006 faciamus
446 1980 549 2017 quae
586 1973 739 2017 poetae,
774 1965 982 2017 effugimus
1013 1972 1146 2004 tamen
1176 1964 1217 2003 in
1251 1963 1429 2003 oratione

95 2032 289 2084 poematis
309 2031 619 2071 similitudinem.
679 2033 750 2070 Est
770 2030 875 2070 enim
896 2030 937 2069 in
963 2038 1131 2081 utroque
1151 2037 1190 2069 et
1210 2029 1372 2069 materia
1391 2037 1430 2068 et

97 2097 299 2137 tractatio:
338 2097 500 2136 materia
528 2096 568 2135 in
597 2095 737 2144 verbis,
769 2095 948 2135 tractatio
976 2095 1017 2134 in
1045 2094 1322 2135 conlocatione
1350 2108 1432 2134 ver-

37 2171 82 2204 30
97 2162 250 2202 borum.
308 2164 463 2202 Ternae
496 2169 629 2200 autem
663 2168 754 2200 sunt
788 2160 991 2211 utriusque
1024 2167 1176 2211 partes:
1219 2160 1429 2199 verborum

99 2228 340 2275 translatum,
358 2241 518 2275 novum,
533 2226 754 2277 priscum-
764 2239 856 2264 nam
872 2226 923 2265 de
938 2224 1104 2277 propriis
1123 2224 1222 2263 nihil
1241 2225 1319 2263 hoc
1338 2226 1428 2264 loco

143 2340 159 2362 1
185 2334 221 2362 ut
238 2340 282 2362 ne
299 2329 424 2362 Schatz
438 2341 447 2362 ε
470 2335 528 2361 aut
544 2340 589 2361 ne
606 2328 635 2360 L
743 2339 763 2360 2
786 2333 845 2360 aut
862 2329 971 2360 ssuens
986 2327 1015 2358 L
1031 2339 1038 2360 :
1062 2339 1101 2360 ac
1116 2329 1226 2359 fluens
1242 2326 1428 2368 Heerdegen

97 2383 118 2414 3
140 2373 270 2405 tibicini
295 2374 347 2405 L:
379 2374 522 2406 tibicinii
549 2373 673 2405 Orelli:
705 2373 854 2404 tibicinis
881 2371 968 2404 codd.
998 2371 1070 2404 dett.
1194 2381 1233 2402 10
1255 2376 1292 2402 ut
1319 2372 1428 2402 solum

97 2416 208 2450 Bake:
232 2418 266 2449 id
281 2418 389 2449 solum
404 2417 433 2448 L
598 2427 636 2457 13
659 2417 725 2448 iam
741 2416 893 2448 Ernesti:
916 2421 984 2448 tam
999 2414 1118 2447 FP¹0¹
1134 2427 1142 2447 ι
1164 2420 1276 2446 tamen
1292 2413 1428 2446 P²M0²

99 2461 140 2493 16
162 2461 275 2493 dicent
287 2461 384 2500 Jahn
402 2473 409 2493 :
432 2461 586 2493 dicerent
602 2460 632 2492 L
729 2471 773 2492 20
791 2459 1024 2501 respondeant
1042 2458 1148 2492 Reid:
1172 2458 1380 2500 respondeat
1395 2457 1426 2490 L

1451 163 1514 207 198

1447 571 1504 610 59

1452 633 1513 666 ¹99

1450 1198 1515 1221 200

1450 1721 1510 1743 201

1449 2163 1509 2201 60
