1630 2730
115 162 172 192 20

133 350 172 384 79

130 1124 172 1155 80

131 1418 175 1501 Ἴ
193 1453 285 1479 nem
306 1439 493 1490 scriptam
513 1438 797 1489 reliquit—sed
816 1438 907 1477 vivo
927 1439 1082 1479 Catone
1103 1438 1275 1478 minores
1301 1447 1397 1478 natu
1417 1440 1531 1479 multi

133 1470 151 1501 8

131 2095 171 2126 82

194 157 235 200 78
520 152 578 190 M.
610 152 780 190 TVLLI
811 151 1120 192 CICERONIS

191 265 362 305 faciente
391 279 481 305 cum
512 266 716 316 Thyesten
745 265 920 304 fabulam
950 264 1163 313 docuisset,
1196 265 1244 314 Q.
1270 263 1424 303 Marcio
1454 264 1527 304 Cn.

192 331 356 372 Servilio
393 331 624 371 consulibus
670 338 838 370 mortem
883 330 982 370 obiit
1027 330 1192 369 Ennius.
1271 332 1365 369 Erat
1402 329 1530 369 isdem

192 397 439 448 temporibus
471 396 531 435 Ti.
565 398 769 436 Gracchus
800 398 842 435 P.
875 398 929 443 F„
962 395 1030 446 qui
1059 395 1120 435 bis
1154 397 1294 435 consul
1323 403 1362 435 et
1390 408 1531 435 censor

191 463 275 511 fuit,
307 462 419 502 cuius
448 470 508 502 est
536 461 662 501 oratio
692 463 845 501 Graeca
872 462 980 512 apud
1010 460 1194 500 Rhodios
1208 475 1219 509 3
1253 474 1374 511 quem
1402 459 1530 500 civem

193 542 286 567 cum
324 541 483 579 gravem
521 534 605 566 tum
645 526 763 566 etiam
802 528 1057 577 eloquentem
1102 533 1258 565 constat
1295 525 1426 565 fuisse.
1486 527 1528 565 P.

192 593 311 633 etiam
343 593 571 643 Scipionem
607 592 806 639 Nasicam,
842 591 911 643 qui
949 599 1008 631 est
1042 593 1259 632 Corculum
1296 593 1528 643 appellatus,

191 659 260 710 qui
298 659 393 698 item
428 658 488 698 bis
519 660 659 698 consul
697 665 736 697 et
769 671 910 697 censor
940 657 1023 706 fuit,
1056 657 1237 696 habitum
1276 659 1531 708 eloquentem

191 724 312 772 aiunt,
336 724 439 763 illius
453 723 521 774 qui
542 737 651 762 sacra
670 722 868 774 acceperit
888 722 1013 761 filium
1028 737 1038 772 5
1067 722 1207 762 dicunt
1227 722 1347 762 etiam
1368 724 1412 761 L.
1431 724 1532 762 Len-

191 788 331 835 tulum,
365 787 432 837 qui
470 800 562 826 cum
602 787 646 826 C.
682 786 821 837 Figulo
859 787 999 825 consul
1036 786 1120 824 fuit.
1193 787 1244 835 Q.
1280 785 1530 825 Nobiliorem

194 854 250 891 M.
275 855 316 891 F.
340 852 417 891 iam
448 852 574 903 patrio
603 851 785 890 instituto
814 851 995 890 deditum
1025 851 1158 890 studio
1189 851 1530 902 litterarum—qui

191 918 311 957 etiam
344 919 394 967 Q.
428 917 614 965 Ennium,
649 917 717 967 qui
751 930 843 955 cum
874 924 984 967 patre
1015 916 1099 955 eius
1130 916 1171 954 in
1202 917 1361 956 Aetolia
1393 917 1532 956 milita-

190 991 309 1031 verat,
332 983 489 1022 civitate
510 982 684 1030 donavit,
707 996 799 1022 cum
826 981 1003 1020 triumvir
1022 982 1221 1022 coloniam
1247 983 1533 1023 deduxisset—

191 1056 230 1088 et
250 1050 296 1087 T.
319 1048 499 1087 Annium
529 1050 704 1086 Luscum
734 1047 852 1086 huius
882 1048 932 1097 Q.
955 1047 1069 1086 Fulvi
1097 1050 1304 1099 conlegam
1330 1062 1414 1088 non
1433 1049 1533 1089 indi-

192 1121 339 1154 sertum
360 1113 499 1153 dicunt
519 1113 639 1152 fuisse
653 1128 664 1162 3
701 1120 821 1163 atque
841 1112 961 1152 etiam
983 1114 1025 1151 L.
1050 1115 1210 1152 Paullus
1225 1114 1402 1153 Africani
1421 1122 1532 1165 pater

191 1193 403 1231 personam
432 1179 621 1230 principis
651 1178 746 1218 civis
775 1178 889 1217 facile
913 1178 1086 1218 dicendo
1113 1180 1307 1218 tuebatur.
1366 1181 1419 1219 Et
1438 1194 1531 1220 vero

191 1245 311 1285 etiam
327 1253 412 1284 tum
434 1247 589 1285 Catone
605 1244 705 1292 vivo,
724 1244 792 1295 qui
806 1257 934 1284 annos
950 1244 1126 1295 quinque
1140 1252 1178 1284 et
1199 1245 1401 1296 octoginta
1415 1253 1531 1286 natus

191 1311 358 1350 excessit
378 1325 399 1350 e
419 1310 509 1359 vita,
524 1324 616 1349 cum
637 1309 799 1360 quidem
817 1323 865 1349 eo
885 1309 972 1360 ipso
987 1323 1094 1349 anno
1109 1318 1247 1350 contra
1262 1312 1342 1350 Ser.
1361 1312 1532 1351 Galbam

191 1378 244 1416 ad
264 1378 458 1428 populum
474 1390 629 1416 summa
649 1375 906 1415 contentione
926 1375 1097 1423 dixisset,
1113 1390 1232 1427 quam
1253 1376 1373 1415 etiam
1393 1377 1534 1416 oratio-

191 1519 273 1545 uno
293 1513 472 1556 tempore
492 1512 666 1544 oratores
685 1505 912 1543 floruerunt.
953 1505 1059 1542 Nam
1080 1511 1119 1543 et
1138 1506 1186 1543 A.
1203 1504 1386 1554 Albinus,
1408 1505 1441 1544 is
1461 1505 1530 1557 qui

192 1572 343 1610 Graece
363 1570 518 1621 scripsit
536 1569 751 1617 historiam,
770 1568 838 1620 qui
864 1570 1004 1608 consul
1024 1583 1115 1608 cum
1137 1572 1180 1608 L.
1197 1572 1366 1610 Lucullo
1385 1571 1468 1619 fuit,
1491 1581 1531 1611 et

190 1636 382 1676 litteratus
403 1644 442 1675 et
457 1635 626 1675 disertus
646 1635 719 1674 fuit
733 1650 743 1684 ;
772 1642 811 1674 et
826 1635 952 1674 tenuit
967 1649 1059 1674 cum
1081 1637 1158 1675 hoc
1178 1638 1311 1675 locum
1327 1639 1530 1688 quendam

191 1701 310 1741 etiam
349 1703 429 1741 Ser.
467 1701 628 1740 Fulvius
662 1708 701 1740 et
731 1714 810 1740 una
841 1702 922 1740 Ser.
958 1701 1105 1740 Fabius
1138 1701 1270 1740 Pictor
1302 1710 1341 1742 et
1369 1702 1463 1742 iuris
1492 1711 1531 1743 et

191 1767 406 1806 litterarum
434 1774 473 1806 et
496 1766 742 1818 antiquitatis
769 1767 872 1806 bene
898 1766 1045 1817 peritus
1060 1781 1070 1815 3
1100 1767 1356 1818 Quintusque
1383 1768 1529 1808 Fabius

192 1834 329 1872 Labeo
345 1832 417 1871 fuit
437 1840 598 1872 ornatus
617 1832 745 1871 isdem
758 1833 838 1871 fere
857 1831 1052 1871 laudibus.
1094 1834 1199 1871 Nam
1216 1833 1266 1882 Q.
1283 1835 1482 1883 Metellus,
1497 1834 1529 1874 is

191 1898 304 1938 cuius
333 1906 518 1949 quattuor
538 1898 607 1936 filii
631 1900 857 1937 consulares
877 1899 1046 1946 fuerunt,
1069 1898 1109 1937 in
1133 1899 1268 1950 primis
1288 1907 1348 1939 est
1370 1900 1529 1940 habitus

191 1965 395 2014 eloquens,
418 1964 486 2014 qui
509 1977 581 2014 pro
602 1965 646 2002 L.
671 1965 790 2004 Cotta
817 1963 915 2003 dixit
938 1971 1150 2003 accusante
1176 1964 1365 2005 Africano
1379 1980 1390 2014 ;
1417 1966 1530 2006 cuius

192 2035 231 2066 et
250 2027 349 2067 aliae
377 2035 468 2066 sunt
492 2027 691 2066 orationes
717 2036 756 2067 et
775 2035 913 2067 contra
937 2028 997 2067 Ti.
1022 2030 1247 2068 Gracchum
1274 2030 1452 2081 exposita
1471 2039 1530 2071 est

192 2092 233 2131 in
263 2094 308 2133 C.
342 2092 469 2132 Fanni
496 2093 717 2132 annalibus.
776 2095 882 2132 Tum
912 2093 996 2144 ipse
1026 2095 1070 2133 L.
1102 2095 1222 2134 Cotta
1250 2102 1308 2134 est
1337 2104 1531 2136 veterator

191 2158 350 2198 habitus
364 2159 502 2207 3—sed
536 2159 581 2198 C.
618 2158 775 2198 Laelius
809 2167 848 2199 et
881 2161 923 2198 P.
959 2159 1168 2199 Africanus
1206 2160 1247 2199 in
1283 2161 1420 2212 primis
1453 2164 1532 2203 elo-

235 2262 256 2293 8
278 2262 409 2302 accepit
433 2262 556 2294 maluit
575 2260 709 2304 Schic‘tz,
729 2263 788 2305 qui
808 2267 837 2294 et
854 2263 978 2295 Idaeae
1005 2265 1122 2296 matris
1149 2274 1245 2296 sacra
1261 2265 1358 2296 habet
1490 2276 1531 2298 10

192 2306 303 2346 patrio
335 2306 446 2347 vulg:
486 2311 583 2346 patre
614 2305 645 2336 L
781 2318 820 2338 12
844 2308 999 2339 triumvir
1028 2309 1140 2349 vulg.:
1183 2309 1308 2340 tresvir
1336 2309 1529 2342 Eberhard:

192 2350 402 2381 triumvirum
425 2350 454 2380 L
591 2360 629 2390 15
654 2351 696 2382 Et
720 2362 802 2382 vero
830 2351 1041 2383 Lambinus:
1073 2357 1107 2383 at
1131 2363 1213 2384 vero
1230 2351 1259 2385 L
1394 2363 1436 2393 23
1461 2365 1529 2386 una

194 2394 268 2425 Ser.
296 2393 430 2425 BHM:
462 2405 529 2426 una
552 2395 669 2426 Serius
686 2395 737 2426 F:
771 2396 953 2427 Numerius
978 2395 1116 2427 Martha
1282 2407 1325 2438 29
1349 2397 1451 2429 Cotta
1475 2403 1529 2430 est

192 2437 338 2479 Stangl:
362 2438 464 2469 Cotta
480 2440 587 2480 vulg:
612 2439 734 2470 Cottae
751 2438 780 2468 L

1551 538 1569 572 5

1552 865 1593 888 10

1552 1192 1591 1226 15

1550 1521 1592 1544 20

1549 1847 1589 1880 25

1549 2174 1592 2206 30
