1630 2730
705 144 924 182 BRVTVS
1463 145 1491 184 6
1516 159 1531 181 π
1537 159 1555 190 3

164 255 307 296 Dicere
327 255 433 295 enim
453 256 556 295 bene
576 269 696 295 nemo
711 263 842 307 potest
860 255 936 295 nisi
956 255 1023 307 qui
1044 257 1258 307 prudenter
1277 256 1468 308 intellegit
1482 273 1492 305 3

160 335 239 372 qua
262 335 303 360 re
332 321 399 372 qui
429 321 679 371 eloquentiae
707 335 822 360 verae
849 322 918 360 dat
947 335 1120 372 operam,
1149 323 1217 361 dat
1242 322 1488 373 prudentiae,

161 401 240 438 qua
258 400 309 425 ne
331 386 508 425 maximis
529 386 692 437 quidem
719 386 760 424 in
785 386 897 426 bellis
923 400 1053 437 aequo
1076 387 1211 426 animo
1237 401 1368 426 carere
1388 387 1491 438 quis-

160 466 280 503 quam
300 460 440 503 potest.
501 454 718 501 Praeclare,
736 452 910 503 inquam,
934 455 1065 501 Brute,
1089 453 1187 492 dicis
1211 467 1340 504 eoque
1365 453 1488 504 magis
1512 467 1553 498 ²4

122 531 139 565 5
159 518 234 558 ista
261 517 422 557 dicendi
455 519 572 556 laude
600 519 776 557 delector
805 520 914 568 quod
943 526 1083 566 cetera,
1115 532 1217 569 quae
1246 526 1338 557 sunt
1366 532 1490 569 quon-

158 585 251 623 dam
277 583 412 622 habita
438 582 479 621 in
505 582 661 622 civitate
687 583 962 634 pulcherrima,
989 597 1109 623 nemo
1138 591 1196 623 est
1221 591 1301 622 tam
1330 583 1488 623 humilis

160 648 229 699 qui
248 662 291 688 se
310 662 392 688 non
411 656 479 688 aut
498 662 615 700 posse
634 648 800 700 adipisci
826 656 894 687 aut
920 651 1111 699 adeptum
1139 656 1250 700 putet
1264 664 1275 697 3
1303 650 1490 699 eloquen-

158 721 240 753 tem
260 714 460 753 neminem
482 714 600 753 video
619 715 768 753 factum
789 728 875 754 esse
894 714 1067 754 victoria.
1127 716 1206 754 Sed
1231 728 1311 766 quo
1337 714 1489 753 facilius

159 792 289 818 sermo
315 779 538 830 explicetur,
563 781 757 828 sedentes,
780 779 812 818 si
831 779 996 827 videtur,
1018 792 1192 829 agamus.
1252 780 1356 819 Cum
1381 779 1488 818 idem

99 861 139 884 10
158 844 369 895 placuisset
389 844 475 892 illis,
493 853 577 883 tum
598 845 638 884 in
658 846 813 896 pratulo
832 852 992 895 propter
1012 844 1188 883 Platonis
1209 852 1378 884 statuam
1398 858 1490 884 con-

156 910 343 949 sedimus.

214 975 296 1014 Hic
325 989 424 1026 ego:
460 977 641 1015 Laudare
670 975 786 1027 igitur
814 975 1084 1026 eloquentiam
1115 983 1154 1015 et
1183 983 1332 1027 quanta
1355 976 1412 1016 vis
1439 976 1488 1016 sit
1510 985 1560 1030 25·

158 1039 242 1079 eius
280 1054 508 1092 expromere
547 1049 818 1092 quantamque
855 1040 911 1080 eis
946 1041 1013 1091 qui
1052 1040 1130 1080 sint
1163 1055 1250 1080 eam
1285 1041 1488 1081 consecuti

157 1105 388 1156 dignitatem
418 1108 580 1154 adferat,
613 1120 743 1156 neque
776 1106 1023 1158 propositum
1052 1106 1169 1145 nobis
1200 1115 1259 1146 est
1292 1108 1370 1146 hoc
1398 1097 1496 1147 Ιοςό

97 1186 136 1219 15
158 1185 289 1222 neque
317 1172 593 1211 necessarium.
654 1174 748 1211 Hoc
774 1185 867 1211 vero
897 1172 981 1211 sine
1010 1173 1090 1210 ulla
1119 1172 1367 1211 dubitatione
1396 1186 1488 1211 con-

160 1236 407 1285 firmaverim,
429 1236 510 1276 sive
538 1236 604 1275 illa
631 1244 714 1276 arte
739 1236 910 1288 pariatur
938 1236 1071 1287 aliqua
1099 1236 1180 1276 sive
1209 1237 1487 1277 exercitatione

159 1303 331 1358 quadam
353 1302 433 1342 sive
460 1310 609 1350 natura,
632 1316 715 1341 rem
739 1316 860 1341 unam
887 1316 972 1341 esse
997 1302 1176 1341 omnium
1201 1301 1483 1341 difficillimam.

162 1367 318 1417 Quibus
339 1367 445 1406 enim
466 1381 513 1406 ex
532 1367 709 1418 quinque
735 1367 852 1406 rebus
873 1375 1053 1406 constare
1073 1367 1231 1415 dicitur,
1249 1381 1384 1406 earum
1407 1381 1487 1407 una

157 1445 339 1483 quaeque
355 1439 413 1471 est
432 1446 493 1471 ars
513 1432 598 1483 ipsa
617 1446 760 1483 magna
779 1446 848 1483 per
863 1446 959 1472 sese.
993 1433 1084 1482 Qua
1096 1446 1136 1471 re
1152 1432 1328 1483 quinque
1343 1432 1484 1471 artium

95 1515 136 1538 20
155 1510 370 1536 concursus
404 1497 662 1536 maximarum
696 1505 885 1548 quantam
914 1497 993 1536 vim
1023 1505 1294 1548 quantamque
1323 1498 1486 1537 difficul—
1506 1532 1530 1572 7

155 1570 277 1602 tatem
310 1563 456 1601 habeat
486 1562 696 1601 existimari
726 1570 867 1614 potest.
926 1562 1056 1601 Testis
1086 1570 1145 1602 est
1174 1562 1350 1611 Graecia,
1382 1576 1484 1613 quae
1506 1583 1547 1616 25

153 1641 246 1667 cum
275 1627 525 1678 eloquentiae
553 1627 686 1667 studio
714 1627 763 1666 sit
792 1627 955 1667 incensa
986 1627 1218 1679 iamdiuque
1251 1630 1415 1667 excellat
1443 1629 1485 1667 in

154 1707 202 1733 ea
226 1700 477 1744 praestetque
502 1692 655 1741 ceteris,
675 1700 808 1732 tamen
835 1693 964 1732 omnis
990 1693 1082 1732 artis
1106 1693 1338 1732 vetustiores
1365 1694 1485 1733 habet

153 1766 193 1798 et
226 1759 352 1796 multo
389 1766 481 1797 ante
518 1771 600 1796 non
638 1757 817 1797 inventas
855 1759 983 1796 solum
1022 1759 1093 1797 sed
1126 1757 1245 1796 etiam
1278 1759 1482 1809 perfectas,

94 1842 132 1874 25
154 1837 273 1875 quam
294 1825 392 1862 haec
413 1831 471 1862 est
492 1821 531 1876 [a
548 1821 725 1876 Graecis]
746 1823 945 1862 elaborata
960 1822 1120 1862 dicendi
1140 1822 1197 1862 vis
1217 1830 1336 1874 atque
1355 1823 1481 1874 copia.

154 1891 203 1928 In
232 1902 352 1940 quam
382 1902 473 1928 cum
503 1889 670 1936 intueor,
698 1888 867 1928 maxime
897 1888 994 1927 mihi
1023 1896 1246 1936 occurrunt,
1270 1888 1417 1937 Attice,
1444 1897 1483 1928 et

153 1954 265 2006 quasi
294 1956 428 1993 lucent
447 1955 631 1993 Athenae
660 1961 761 2002 tuae,
784 1967 863 2004 qua
891 1953 931 1992 in
962 1954 1058 1993 urbe
1088 1953 1259 2005 primum
1287 1967 1329 1993 se
1353 1962 1483 1993 orator

152 2017 289 2058 extulit
314 2016 566 2068 primumque
593 2016 712 2056 etiam
741 2016 1011 2055 monumentis
1039 2024 1078 2056 et
1108 2016 1244 2056 litteris
1271 2017 1396 2056 oratio
1423 2024 1482 2056 est

151 2091 294 2134 coepta
319 2082 508 2122 mandari.
557 2083 712 2121 Tamen
732 2089 824 2121 ante
845 2081 1048 2130 Periclem,
1071 2081 1182 2121 cuius
1203 2082 1347 2133 scripta
1365 2095 1482 2133 quae·
1503 2097 1545 2133 27

151 2188 279 2219 diserto
304 2185 481 2217 Prohaselz
506 2191 573 2217 tam
604 2186 793 2217 studiosum
818 2190 852 2216 et
882 2185 1105 2216 exercitatum
1135 2186 1288 2217 audienti
1318 2185 1482 2218 Frt'edi‘r'ch

151 2242 172 2263 2
194 2241 296 2262 verae
313 2230 400 2271 vulg.
419 2241 427 2260 :
450 2240 530 2260 vere
545 2229 574 2260 L
692 2230 714 2259 6
738 2229 962 2269 pulcherrime
977 2229 1070 2260 FOG
1189 2239 1228 2260 12
1252 2229 1389 2261 laudare
1406 2230 1482 2261 H2:

152 2274 281 2306 laudari
298 2273 328 2304 L
439 2283 477 2312 13
501 2273 692 2313 exprimere
708 2274 759 2304 vel
776 2283 952 2312 exponere
967 2272 1056 2304 codd.
1075 2272 1151 2304 dett.
1227 2273 1279 2305 his
1294 2272 1324 2303 L
1403 2279 1483 2305 sunt

151 2318 264 2350 BHM
349 2326 398 2356 15,
420 2318 460 2348 16
483 2317 653 2348 conseram
669 2317 740 2348 veri
756 2315 834 2347 FO²
850 2318 941 2347 vetus
1031 2318 1070 2347 16
1092 2316 1149 2348 illa
1166 2316 1266 2348 O¹G²
1282 2329 1288 2348 :
1305 2316 1373 2349 ulla
1388 2317 1477 2349 codd.

154 2372 194 2402 19
216 2371 322 2402 quare
338 2360 368 2391 L
385 2372 392 2391 z
415 2371 555 2401 quarum
573 2360 702 2401 Kayser
815 2369 854 2390 21
881 2360 1006 2391 habeat
1025 2359 1069 2391 G²
1085 2372 1092 2392 τ
1115 2360 1263 2392 habeant
1279 2361 1308 2392 L
1440 2370 1480 2401 25

150 2417 170 2438 a
187 2404 328 2438 Graecis
344 2404 413 2436 secl.
428 2404 477 2436 H.
494 2403 620 2444 Meyer:
645 2404 688 2435 ab
703 2403 752 2435 eis
768 2414 846 2435 corr.
864 2403 986 2435 Piderit
