1630 2730
97 174 134 201 11
153 178 194 212 43
525 162 582 199 M.
613 161 783 198 TVLLI
814 159 1123 200 CICERONIS

84 749 127 781 44

154 275 275 315 fuisse
304 273 571 325 suspicionem
601 286 757 312 veneno
786 272 861 312 sibi
890 271 1129 312 conscivisse
1158 278 1351 311 mortem:
1381 272 1489 310 hunc

154 341 218 380 isti
247 340 369 387 aiunt,
397 353 489 378 cum
520 347 674 378 taurum
704 337 1001 386 immolavisset,
1027 337 1228 388 excepisse
1256 336 1490 388 sanguinem

154 414 290 457 patera
310 413 349 445 et
369 419 417 444 eo
437 412 533 456 poto
554 412 755 443 mortuum
775 403 1010 442 concidisse.
1052 405 1173 441 Hanc
1194 402 1301 442 enim
1321 409 1490 441 mortem

155 471 350 511 rhetorice
388 478 428 510 et
466 470 610 521 tragice
649 483 787 508 ornare
825 476 1050 520 potuerunt,
1084 468 1150 506 illa
1184 481 1289 507 mors
1322 466 1491 518 vulgaris

156 539 306 576 nullam
327 536 543 587 praebebat
564 534 768 574 materiem
794 536 846 573 ad
873 542 1069 573 ornatum.
1130 534 1221 582 Qua
1240 547 1280 572 re
1300 532 1491 583 quoniam
1509 545 1527 578 5

157 603 228 642 tibi
248 602 302 641 ita
322 603 498 653 quadrat,
523 600 658 640 omnia
677 600 797 639 fuisse
817 601 858 638 z'n
878 598 1150 638 Themistocle
1171 597 1278 648 paria
1298 605 1337 637 et
1357 597 1492 638 Corio-

156 670 259 716 lano,
289 675 465 718 pateram
498 679 659 717 quoque
689 679 712 704 a
744 679 808 704 me
839 678 971 704 sumas
1003 664 1108 713 licet,
1137 664 1338 714 praebebo
1372 662 1491 702 etiam

156 733 340 780 hostiam,
372 740 415 771 ut
446 732 682 772 Coriolanus
712 730 761 769 sit
795 731 912 781 plane
945 732 1043 769 alter
1071 728 1376 768 Themistocles.
1434 727 1492 767 Sit

157 813 262 847 sane,
299 798 474 848 inquam,
511 805 554 836 ut
587 797 694 844 libet,
727 797 777 835 de
816 796 919 844 isto;
959 803 998 834 et
1032 808 1105 845 ego
1139 794 1294 835 cautius
1325 794 1493 845 posthac

156 864 362 903 historiam
395 863 586 913 attingam
616 870 654 901 te
683 861 882 908 audiente,
909 874 1029 911 quern
1062 874 1192 899 rerum
1220 862 1493 899 Romanarum

157 938 360 969 auctorem
392 930 552 967 laudare
584 942 748 979 possum
779 926 1128 977 religiosissimum.
1187 927 1267 965 Sed
1298 933 1383 964 tum
1413 926 1494 966 fere

159 995 329 1034 Pericles
349 993 570 1044 Xanthippi
591 993 708 1041 filius,
728 994 779 1032 de
805 1006 886 1042 quo
909 1000 1001 1031 ante
1025 991 1116 1039 dixi,
1139 991 1288 1043 primus
1311 990 1495 1031 adhibuit

158 1060 380 1100 doctrinam
396 1075 406 1108 ;
435 1073 538 1109 quae
558 1072 801 1109 quamquam
823 1065 907 1096 tum
928 1059 1036 1096 nulla
1060 1064 1142 1096 erat
1166 1056 1338 1104 dicendi,
1361 1064 1495 1096 tamen

157 1127 209 1165 ab
230 1129 465 1176 Anaxagora
490 1124 655 1175 physico
683 1123 859 1163 eruditus
886 1122 1208 1163 exercitationem
1234 1121 1379 1161 mentis
1398 1135 1422 1161 a
1441 1135 1497 1161 re-

159 1191 332 1231 conditis
363 1190 633 1240 abstrusisque
671 1190 789 1229 rebus
826 1191 878 1228 ad
909 1202 1047 1227 causas
1081 1187 1247 1227 forensis
1281 1187 1496 1239 popularis-

160 1271 239 1308 que
268 1256 383 1295 facile
412 1257 647 1294 traduxerat.
719 1254 852 1293 Huius
882 1253 1074 1293 suavitate
1103 1253 1274 1292 maxime
1307 1253 1496 1292 hilaratae

161 1324 346 1361 Athenae
376 1329 478 1369 sunt,
500 1322 617 1359 huius
647 1321 867 1359 ubertatem
898 1327 937 1359 et
966 1319 1122 1370 copiam
1151 1318 1368 1358 admiratae
1397 1318 1497 1357 eius-

97 1403 140 1430 12
162 1390 256 1427 dem
277 1387 356 1426 vim
377 1386 538 1426 dicendi
558 1394 825 1436 terroremque
841 1385 1067 1424 timuerunt.
1118 1386 1234 1424 Haec
1254 1384 1370 1435 igitur
1388 1392 1496 1423 aetas

98 1467 139 1498 45
162 1453 290 1504 prima
310 1451 479 1491 Athenis
500 1459 695 1491 oratorem
722 1465 846 1502 prope
870 1452 1089 1502 perfectum
1118 1449 1218 1488 tulit.
1277 1451 1364 1488 Nec
1388 1448 1495 1488 enim

160 1519 202 1558 in
232 1517 567 1558 constituentibus
598 1531 680 1556 rem
712 1516 914 1568 publicam
948 1530 1023 1555 nec
1056 1515 1097 1554 in
1132 1515 1237 1554 bella
1269 1514 1496 1565 gerentibus

160 1599 235 1624 nec
269 1584 310 1622 in
344 1582 545 1634 impeditis
584 1596 630 1621 ac
668 1596 804 1633 regum
843 1580 1118 1621 dominatione
1156 1579 1349 1619 devinctis
1387 1579 1497 1618 nasci

161 1649 358 1700 cupiditas
387 1647 549 1687 dicendi
583 1649 694 1687 solet.
753 1647 867 1686 Pacis
897 1655 956 1686 est
985 1660 1119 1685 comes
1152 1645 1288 1696 otique
1321 1645 1429 1684 socia
1459 1652 1498 1684 et

162 1715 240 1754 iam
270 1715 373 1753 bene
401 1713 640 1752 constitutae
669 1712 835 1751 civitatis
865 1711 978 1763 quasi
1005 1713 1167 1751 alumna
1194 1712 1392 1761 quaedam
1421 1711 1499 1749 elo-

98 1793 141 1834 46
163 1779 335 1831 quentia.
408 1781 549 1828 Itaque
587 1778 641 1817 ait
679 1777 923 1826 Aristoteles,
959 1791 1051 1817 cum
1090 1776 1254 1816 sublatis
1292 1775 1333 1814 in
1366 1774 1499 1815 Sicilia

162 1844 337 1896 tyrannis
364 1858 424 1883 res
451 1843 624 1894 privatae
653 1845 773 1894 longo
803 1843 1008 1883 intervallo
1034 1842 1190 1882 iudiciis
1216 1848 1495 1892 repeterentur,

162 1919 247 1950 tum
282 1909 465 1960 primum,
505 1910 615 1959 quod
649 1917 752 1947 esset
785 1916 902 1947 acuta
934 1908 1000 1947 illa
1029 1922 1125 1958 gens
1159 1914 1198 1946 et
1232 1906 1499 1946 controversia

162 1980 340 2023 †natura,
372 1983 496 2013 artem
535 1982 574 2013 et
612 1982 823 2025 praecepta
856 1973 1010 2014 Siculos
1042 1975 1236 2014 Coracem
1274 1980 1314 2012 et
1346 1971 1497 2011 Tisiam

162 2040 594 2090 conscripsisse—nam
627 2047 745 2078 antea
779 2039 980 2078 neminem
1015 2039 1175 2078 solitum
1204 2038 1267 2076 via
1295 2051 1371 2076 nec
1402 2045 1496 2085 arte,

162 2108 233 2147 sed
247 2114 429 2145 accurate
442 2113 575 2144 tamen
591 2112 630 2144 et
643 2104 839 2156 descripte
853 2106 1065 2155 plerosque
1080 2104 1211 2143 dicere
1227 2126 1278 2130 ——
1291 2117 1302 2152 3
1321 2102 1499 2153 scriptas-

208 2221 227 2250 5
247 2211 438 2241 ornandum
456 2210 578 2241 maluit
588 2209 778 2240 Lambinus
864 2210 885 2239 6
903 2209 937 2239 in
954 2208 1030 2240 add.
1044 2207 1088 2240 ed.
1109 2208 1210 2240 Rom.
1271 2206 1497 2239 Themistocli

164 2255 255 2286 codd.
268 2255 341 2285 dett.
412 2255 452 2284 16
471 2255 679 2294 perduxerat
692 2251 806 2283 BHM
870 2264 922 2291 20,
937 2263 976 2283 21
997 2263 1059 2283 nec
1074 2253 1106 2282 in
1119 2251 1199 2282 FO2
1215 2263 1222 2282 :
1238 2262 1302 2283 nec
1315 2251 1405 2282 codd.
1419 2250 1496 2291 (bis)

165 2309 219 2338 22,
232 2308 274 2337 23
297 2304 331 2328 et
347 2299 411 2328 iam
425 2298 473 2328 F2
490 2309 496 2328 :
514 2298 614 2328 etiam
627 2297 656 2327 L
767 2307 808 2336 24
833 2297 949 2328 Sicilia
967 2295 996 2326 G
1029 2308 1036 2327 :
1061 2295 1210 2327 Siciliam
1227 2293 1257 2324 L
1384 2296 1437 2334 26,
1456 2304 1497 2334 27

163 2350 199 2373 et
216 2342 450 2372 controversia
470 2346 591 2372 natura
608 2340 637 2370 L
653 2352 660 2372 z
684 2345 718 2372 et
736 2345 957 2372 controversa
976 2341 1010 2370 in
1027 2350 1068 2370 ea
1085 2340 1159 2370 iura
1174 2338 1336 2379 Madvzg:
1359 2343 1394 2369 et
1417 2348 1498 2369 con-

164 2386 333 2416 troversia
344 2391 422 2415 nata
436 2385 550 2415 Peter:
574 2389 608 2415 et
620 2383 861 2415 controversiis
874 2389 952 2415 nata
961 2383 1081 2423 Jacobs
1096 2395 1102 2414 :
1126 2387 1160 2414 et
1173 2393 1200 2415 c.
1217 2386 1348 2414 matura
1359 2381 1498 2413 Martha

164 2439 207 2470 29
234 2429 404 2469 descripte
421 2429 571 2460 Schmitz
587 2440 595 2459 ι
620 2429 663 2459 de
679 2428 806 2469 scripto
822 2428 851 2459 L

1514 875 1553 898 10

1515 1202 1554 1235 15

1517 1531 1556 1553 20

1517 1859 1556 1893 25

1622 1263 1624 1266 ,
1595 0 1630 1242 „m-..m-...mffl--ffl-n--n
