1748 2716
206 148 258 196 78
280 165 344 198 270
634 150 692 188 M.
729 150 899 189 TVLLI
939 149 1250 191 CICERONIS

277 260 478 300 morandis
509 260 628 300 etiam
658 260 756 300 illud
786 262 999 311 adsequor,
1026 267 1069 299 ut
1098 259 1333 311 intellegatis
1364 258 1535 310 primum
1564 271 1612 298 ex

277 326 387 366 omni
415 340 582 366 numero
602 340 722 377 quam
751 340 834 365 non
862 326 976 365 multi
1004 325 1090 365 ausi
1118 326 1196 365 sint
1224 325 1367 373 dicere,
1388 324 1536 364 deinde
1564 337 1612 363 ex

195 407 254 443 271
277 391 332 431 eis
361 391 455 442 ipsis
482 405 602 442 quam
625 391 743 443 pauci
773 391 917 431 fuerint
949 393 1067 431 laude
1101 390 1221 442 digni.
1280 392 1422 441 Itaque
1455 403 1507 429 ne
1536 390 1611 428 hos

275 457 439 508 quidem
459 457 612 508 equites
633 459 850 504 Romanos,
872 457 1022 496 amicos
1042 464 1208 504 nostrOS,
1231 455 1300 506 qui
1322 469 1449 506 nuper
1467 453 1613 494 mortui

277 530 379 570 sunt,
402 525 577 562 omittam
601 525 643 562 P.
663 522 895 564 Cominium
920 522 1180 574 Spoletinum,
1204 535 1285 573 quo
1314 527 1527 560 accusante
1546 521 1613 559 de·
1632 530 1649 563 5

275 588 385 628 fendi
402 590 446 629 C.
466 588 708 636 Cornelium,
731 589 771 627 in
793 602 874 639 quo
895 595 933 628 et
953 587 1221 638 compositum
1242 586 1403 626 dicendi
1428 599 1553 637 genus
1573 592 1612 625 et

275 667 365 693 acre
381 661 419 693 et
432 654 661 705 expeditum
680 653 753 693 fuit
770 668 781 702 3
818 655 865 692 T.
881 653 1051 692 Accium
1065 652 1351 700 Pisaurensem,
1368 651 1480 691 cuius
1499 665 1612 690 accu-

278 719 422 758 sationi
441 718 630 770 respondi
650 732 721 769 pro
741 721 788 758 A.
813 718 1011 767 Cluentio,
1031 718 1104 769 qui
1125 726 1163 757 et
1182 725 1365 757 accurate
1385 717 1544 757 dicebat
1573 723 1612 756 et

275 784 368 823 satis
402 784 574 835 copiose,
608 792 769 835 eratque
797 791 998 835 praeterea
1026 785 1169 824 doctus
1201 786 1474 834 Hermagorae
1506 795 1613 834 prae-

274 849 410 900 ceptis,
451 850 596 900 quibus
634 849 708 889 etsi
745 857 978 889 ornamenta
1014 863 1098 889 non
1136 849 1228 888 satis
1267 848 1401 900 opima
1437 847 1609 895 dicendi,
1634 859 1673 882 10

275 922 420 962 tamen,
449 922 493 953 ut
520 916 657 954 hastae
677 915 862 954 velitibus
890 922 1125 963 amentatae,
1154 914 1210 954 sic
1237 921 1330 965 apta
1349 914 1548 965 quaedam
1573 919 1613 952 et

274 987 410 1030 parata
440 980 602 1031 singulis
635 994 843 1019 causarum
881 979 1092 1031 generibus
1129 987 1362 1031 argumenta
1393 980 1610 1019 traduntur.

194 1055 253 1088 ²7²
275 1045 417 1085 Studio
436 1053 570 1085 autem
591 1045 794 1084 neminem
813 1059 888 1084 nec
908 1045 1102 1084 industria
1121 1045 1269 1085 maiore
1284 1044 1463 1096 cognovi,
1478 1057 1613 1095 quam-

275 1124 396 1162 quam
429 1124 480 1149 ne
518 1110 678 1162 ingenio
716 1110 880 1162 quidem
918 1110 987 1162 qui
1023 1110 1259 1162 praestiterit
1295 1109 1410 1149 facile
1447 1108 1612 1149 dixerim

275 1177 321 1217 C.
345 1176 480 1215 Pisoni
499 1190 646 1227 genero
672 1190 774 1216 meo.
834 1178 999 1216 Nullum
1027 1184 1184 1227 tempus
1210 1175 1265 1214 illi
1291 1189 1483 1227 umquam
1501 1189 1612 1214 vaca·
1633 1186 1671 1220 15
1718 1187 1719 1190 ¹

273 1242 343 1281 bat
361 1249 430 1280 aut
455 1255 479 1280 a
503 1241 651 1281 forensi
678 1241 854 1282 dictione
881 1250 950 1281 aut
977 1256 1001 1281 a
1029 1241 1367 1281 commentatione
1392 1240 1614 1281 domestica

273 1314 342 1346 aut
360 1321 385 1346 a
403 1307 615 1346 scribendo
642 1314 711 1346 aut
739 1320 763 1346 a
790 1307 1014 1359 cogitando.
1075 1309 1217 1358 Itaque
1245 1314 1376 1346 tantos
1404 1319 1612 1358 processus

275 1372 471 1412 efficiebat
497 1380 540 1412 ut
566 1374 732 1420 evolare,
755 1386 837 1412 non
861 1386 1063 1412 excurrere
1082 1372 1281 1412 videretur
1296 1387 1308 1421 3
1345 1379 1507 1423 eratque
1530 1385 1612 1411 ver-

274 1439 417 1478 borum
444 1446 490 1478 ·et
523 1438 692 1478 dilectus
722 1440 881 1490 elegans
914 1446 954 1478 et
983 1446 1076 1490 apta
1106 1446 1146 1478 et
1175 1438 1289 1489 quasi
1318 1440 1491 1478 rotunda
1521 1452 1613 1478 con-

275 1504 462 1553 structi03
493 1518 666 1555 cumque
691 1511 924 1556 argumenta
946 1504 1270 1555 excogitabantur
1288 1504 1339 1543 ab
1360 1517 1409 1543 eo
1429 1505 1554 1543 multa
1573 1511 1612 1544 et
1633 1512 1673 1535 20
1711 1501 1714 1534 ἶ

274 1571 387 1609 firma
412 1571 463 1609 ad
489 1571 741 1621 probandum
767 1578 853 1609 tum
879 1570 1101 1610 concinnae
1123 1577 1343 1621 acutaeque
1366 1569 1612 1618 sententiae3

273 1642 487 1686 gestusque
514 1643 653 1675 natura
680 1635 735 1674 ita
760 1643 949 1675 venustus
975 1643 1019 1674 ut
1044 1649 1106 1675 ars
1133 1635 1264 1683 etiam,
1287 1649 1390 1686 quae
1411 1648 1495 1674 non
1517 1642 1609 1684 erat,

274 1708 313 1740 et
341 1714 364 1740 e
393 1700 602 1752 disciplina
628 1708 760 1741 motus
790 1701 953 1752 quidam
980 1701 1178 1740 videretur
1203 1702 1403 1740 accedere.
1462 1702 1614 1741 Vereor

273 1780 324 1806 ne
350 1780 485 1806 amore
513 1766 648 1806 videar
675 1768 788 1818 plura
816 1780 936 1818 quam
964 1766 1109 1806 fuerint
1137 1766 1178 1805 in
1206 1766 1275 1806 illo
1303 1766 1460 1816 dicere;
1501 1766 1613 1817 quod

273 1845 355 1870 non
384 1831 439 1871 ita
467 1839 525 1871 est
539 1847 549 1881 3
583 1832 659 1871 alia
687 1831 795 1872 enim
825 1833 876 1872 de
898 1832 966 1872 illo
995 1832 1145 1872 maiora
1163 1831 1244 1871 dici
1268 1839 1446 1883 possunt.
1505 1833 1611 1870 Nam
1633 1840 1672 1873 ²5

273 1910 348 1935 nec
377 1897 623 1936 continentia
651 1911 726 1937 nec
755 1897 901 1948 pietate
929 1911 1004 1937 nec
1034 1899 1116 1937 ullo
1143 1910 1287 1948 genere
1305 1897 1458 1936 virtutis
1477 1910 1613 1948 quem-

275 1975 395 2012 quam
429 1962 608 2001 eiusdem
641 1963 780 2002 aetatis
814 1976 905 2002 cum
939 1963 1007 2002 illo
1037 1963 1325 2002 conferendum
1356 1969 1464 2014 puto.
1524 1964 1612 2002 Nec

274 2040 367 2066 vero
389 2029 446 2066 M.
470 2027 651 2067 Caelium
673 2029 1007 2079 praetereundum
1032 2027 1208 2076 arbitror,
1231 2041 1508 2079 quaecumque
1528 2027 1612 2067 eius

275 2093 316 2131 in
335 2092 440 2131 exitu
460 2094 521 2131 vel
547 2094 705 2132 fortuna
727 2095 788 2132 vel
818 2107 930 2132 mens
959 2093 1032 2133 fuit
1048 2108 1059 2142 3
1090 2093 1158 2145 qui
1177 2093 1369 2144 quamdiu
1388 2092 1612 2133 auctoritati

275 2171 388 2197 meae
425 2157 563 2209 paruit,
604 2158 691 2197 talis
728 2158 910 2198 tribunus
947 2158 1074 2210 plebis
1111 2158 1185 2198 fuit
1229 2165 1273 2197 ut
1312 2172 1433 2198 nemo
1473 2165 1612 2198 contra
1631 2171 1672 2203 30

274 2222 420 2261 civium
449 2223 692 2274 perditorum
722 2226 954 2275 popularem
983 2225 1333 2275 turbulentamque
1366 2223 1610 2264 dementiam

274 2302 298 2326 a
326 2296 465 2327 senatu
494 2296 533 2328 et
565 2302 588 2327 a
621 2290 819 2329 bonorum
853 2304 972 2329 causa
1005 2289 1155 2329 steterit
1182 2289 1439 2329 constantius.
1497 2291 1612 2329 Anti-

199 1940 255 1980 79

193 1998 256 2035 ²73

318 2401 338 2431 5
362 2391 512 2422 omittam
537 2392 613 2424 add.
644 2393 774 2433 Kayser
983 2403 1026 2434 32
1050 2394 1223 2434 antiquam
1249 2391 1397 2435 Stangl:
1431 2404 1531 2434 quam
1558 2394 1611 2426 L:

275 2435 415 2466 nimiam
431 2434 604 2467 Eberhard
