1696 2730
166 175 209 215 71
229 171 291 213 ²36
461 167 519 205 M.
560 168 731 207 TVLLI
771 168 1081 209 CICERONIS
1116 168 1354 208 ORATOR

226 277 283 317 sic
312 277 445 325 habet,
466 285 509 317 ut
536 277 767 318 brevissime
795 278 927 318 dicam
954 280 1066 330 quod
1094 278 1247 318 sentio:
1281 277 1503 330 composite
1531 285 1572 318 et

226 350 318 394 apte
349 342 434 383 sine
467 343 672 383 sententiis
706 343 839 383 dicere
871 344 1025 383 insania
1054 352 1124 393 est,
1158 343 1400 384 sententiose
1436 351 1570 383 autem

227 408 313 448 sine
342 410 554 449 verborum
587 417 626 449 et
659 409 799 449 ordine
829 416 868 449 et
898 410 1021 449 modo
1050 409 1225 458 infantia,
1247 410 1318 449 sed
1347 409 1431 449 eius
1461 409 1572 449 modi

228 481 362 513 tamen
385 473 560 523 infantia,
583 482 627 514 ut
646 488 693 514 ea
713 474 781 526 qui
800 462 961 514 utantur
989 488 1071 514 non
1098 474 1207 514 stulti
1225 474 1409 515 homines
1435 474 1573 514 haberi

227 539 392 590 possint,
416 539 535 579 etiam
555 542 790 591 plerumque
809 542 1025 591 prudentes
1039 555 1050 589 ς
1079 554 1159 592 quo
1186 539 1255 591 qui
1281 547 1342 580 est
1359 547 1572 580 contentus
1593 555 1611 588 5

228 612 370 644 utatur.
430 606 636 656 Eloquens
664 619 769 653 vero,
798 604 867 656 qui
895 619 979 645 non
1007 605 1315 657 approbationes
1343 606 1473 644 solum
1502 605 1574 644 sed

228 669 522 719 admirationes,
562 672 764 719 clamores,
805 672 978 722 plausus,
1014 670 1046 710 si
1083 671 1211 719 liceat,
1243 684 1403 710 movere
1440 670 1573 718 debet,

230 735 417 776 omnibus
437 743 594 787 oportet
612 736 667 775 ita
685 737 802 775 rebus
823 738 998 785 excellat,
1021 744 1064 776 ut
1088 736 1124 776 ei
1149 744 1264 789 turpe
1290 735 1340 776 sit
1359 735 1575 788 quicquam

231 809 299 841 aut
319 801 536 853 exspectari
554 809 622 841 aut
640 801 769 841 audiri
787 801 986 841 libentius.

148 878 212 914 237
289 867 430 906 Habes
467 881 602 906 meum
641 868 692 907 de
730 874 894 915 oratore,
932 869 1064 915 Brute,
1098 866 1290 907 indicium
1306 881 1317 916 3
1362 867 1472 918 quod
1509 872 1578 905 aut
1597 881 1636 904 10

233 946 408 984 sequere,
445 932 478 971 si
509 932 748 983 probaveris,
783 939 851 971 aut
889 939 959 971 tuo
997 931 1131 980 stabis,
1164 931 1197 971 si
1228 931 1338 972 aliud
1371 931 1578 983 quoddam

232 1005 291 1046 est
311 1006 436 1037 tuum.
496 1000 545 1037 In
566 1011 646 1049 quo
666 1011 798 1049 neque
818 998 1007 1049 pugnabo
1027 1005 1160 1037 tecum
1180 1011 1311 1049 neque
1330 999 1412 1043 hoc,
1428 1010 1576 1046 meum,

233 1066 284 1104 de
305 1077 386 1115 quo
406 1070 518 1103 tanto
538 1077 658 1114 opere
677 1064 755 1103 hoc
770 1063 871 1103 libro
890 1063 1129 1112 adseveravi,
1145 1077 1337 1115 umquam
1356 1062 1579 1103 adfirmabo

235 1143 321 1169 esse
340 1129 469 1169 verius
489 1143 609 1181 quam
630 1137 755 1168 tuum.
815 1131 951 1169 Potest
971 1129 1079 1169 enim
1099 1143 1182 1169 non
1202 1131 1332 1169 solum
1351 1129 1460 1168 aliud
1480 1127 1579 1167 mihi

236 1209 283 1235 ac
313 1195 395 1243 tibi,
427 1196 498 1234 sed
529 1194 711 1234 mihimet
743 1194 818 1246 ipsi
849 1194 959 1234 aliud
988 1194 1084 1234 alias
1117 1194 1252 1234 videri.
1311 1196 1399 1234 Nec
1428 1193 1470 1233 in
1502 1194 1579 1233 hac
1599 1207 1639 1242 15
1685 1193 1696 1223 ³

237 1263 360 1301 modo
394 1275 435 1300 re
469 1274 571 1312 quae
604 1262 656 1300 ad
688 1260 795 1311 vulgi
825 1262 1041 1300 adsensum
1080 1268 1231 1312 spectet
1268 1268 1308 1300 et
1340 1261 1392 1300 ad
1424 1259 1580 1300 aurium

236 1329 493 1378 voluptatem,
525 1340 628 1378 quae
658 1328 740 1366 duo
769 1334 860 1365 sunt
897 1327 949 1366 ad
980 1325 1240 1366 iudicandum
1269 1325 1477 1374 levissima,
1509 1326 1581 1365 sed

235 1406 286 1432 ne
330 1393 371 1431 in
418 1392 599 1431 maximis
641 1391 805 1443 quidem
849 1392 967 1431 rebus
1011 1391 1226 1443 quicquam
1270 1393 1404 1431 adhuc
1446 1390 1582 1430 inveni

235 1457 396 1506 firmius,
418 1458 528 1508 quod
558 1465 734 1496 tenerem
762 1464 830 1496 aut
859 1470 940 1508 quo
968 1456 1161 1496 iudicium
1187 1471 1322 1496 meum
1348 1456 1577 1508 derigerem,

236 1537 356 1574 quam
382 1523 424 1563 id
444 1525 729 1574 quodcumque
748 1522 846 1561 mihi
866 1536 985 1574 quam
1006 1522 1251 1562 simillimum
1270 1522 1351 1562 veri
1369 1522 1578 1570 videretur,
1601 1533 1642 1556 20

155 1597 217 1636 238
236 1603 328 1629 cum
348 1588 479 1640 ipsum
499 1588 598 1628 illud
616 1602 753 1628 verum
773 1596 908 1627 tamen
926 1588 968 1627 in
983 1589 1142 1627 occulto
1157 1590 1305 1628 lateret.
1363 1589 1428 1627 Tu
1446 1594 1581 1627 autem

236 1654 366 1702 velim,
399 1653 431 1693 si
464 1653 536 1693 tibi
569 1667 615 1693 ea
644 1667 747 1705 quae
780 1653 980 1705 disputata
1009 1661 1100 1693 sunt
1131 1653 1262 1693 minus
1295 1654 1580 1705 probabuntur,

238 1728 280 1759 ut
301 1727 368 1760 aut
402 1719 528 1759 maius
563 1733 663 1771 opus
697 1719 922 1759 institutum
953 1726 1068 1771 putes
1107 1733 1228 1770 quarn
1259 1718 1361 1759 effici
1397 1717 1582 1770 potuerit,

237 1793 317 1834 aut,
339 1787 436 1825 dum
457 1784 529 1824 tibi
548 1785 702 1836 roganti
726 1784 918 1825 voluerim
945 1784 1124 1836 obsequi,
1145 1783 1385 1825 verecundia
1410 1783 1583 1836 negandi

238 1851 438 1892 scribendi
458 1865 523 1891 me
541 1851 833 1902 impudentiam
853 1850 1085 1903 suscepisse.
1603 1861 1641 1894 25

287 1966 301 1986 1
328 1955 518 1996 composite
536 1959 570 1986 et
586 1965 654 1987 om.
671 1955 706 1986 A
856 1966 878 1996 9
902 1955 1095 1995 exspectari
1119 1954 1209 1986 codd.
1232 1954 1304 1986 dett.
1323 1965 1331 1986 τ
1354 1953 1503 1995 spectari
1523 1953 1558 1985 A
1575 1965 1584 1985 z

240 2004 426 2040 expectare
446 1999 474 2031 L
599 2000 719 2030 audire
738 1999 765 2031 L
932 2009 971 2039 15
996 1999 1150 2030 mihimet
1166 1999 1199 2030 A
1217 2010 1224 2030 :
1247 1999 1331 2030 mihi
1346 1997 1377 2028 L
1544 2007 1583 2037 17

240 2044 414 2075 levissima
428 2043 462 2073 A
479 2055 487 2074 ε
511 2042 698 2074 novissima
712 2042 742 2074 L
864 2053 905 2074 21
929 2053 1049 2074 verum
1065 2041 1094 2073 L
1113 2054 1120 2075 :
1142 2053 1261 2074 verum
1278 2044 1349 2074 taffi
1368 2042 1402 2082 (i.
1414 2053 1437 2073 e.
1454 2046 1585 2081 tamen)

241 2088 274 2119 A
294 2099 302 2118 ε
327 2092 395 2119 tam
410 2086 499 2120 codd.
524 2087 622 2120 dett.:
646 2098 721 2119 cum
739 2087 773 2119 F
903 2097 946 2127 25
970 2087 1216 2128 impudentiam
1236 2086 1270 2118 A
1289 2098 1297 2119 z
1319 2086 1585 2128 imprudentiam

243 2132 276 2163 F
276 2130 353 2163 0121

1660 0 1696 576 l

1686 840 1696 992 ³4ss

1685 1227 1696 1327 Ξ
