1630 2730
673 204 891 242 BRVTVS
1384 214 1441 253 43
1461 211 1520 250 158

105 326 396 364 persequamur.
455 315 618 352 Paratus
649 312 765 363 igitur
795 312 979 352 veniebat
1014 314 1191 362 Crassus,
1238 322 1438 364 exspecta-

103 378 228 426 batur,
249 378 484 417 audiebatur
500 393 510 426 ;
537 391 562 416 a
580 377 775 429 principio
796 378 939 425 statim,
962 379 1072 428 quod
1101 385 1183 418 erat
1207 379 1314 429 apud
1342 392 1433 417 eum

103 456 258 493 semper
286 451 526 491 accuratum,
554 442 848 494 exspectatione
881 443 1024 493 dignus
1064 443 1281 482 videbatur.
1342 444 1436 482 Non

104 509 227 546 multa
253 508 412 548 iactatio
440 507 626 559 corporis,
648 522 731 547 non
757 507 961 547 inclinatio
981 507 1101 556 vocis,
1123 510 1232 547 nulla
1257 507 1437 546 inambu-

65 586 83 618 5
102 572 206 620 latio,
238 587 320 612 non
348 574 485 613 crebra
513 573 716 624 supplosio
745 573 858 624 pedis
873 588 884 622 3
912 575 1129 612 vehemens
1163 581 1203 613 et
1236 573 1435 612 interdum

102 638 198 677 irata
225 646 263 678 et
292 640 410 689 plena
438 638 529 677 iusti
558 638 706 678 doloris
735 638 871 686 oratio,
894 640 1043 678 multae
1068 647 1106 678 et
1134 652 1226 678 curn
1245 638 1434 689 gravitate

101 703 292 752 facetiae;
335 704 524 754 quodque
562 703 720 742 difficile
759 711 831 751 est,
869 703 976 742 idem
1026 711 1065 743 et
1112 711 1344 754 perornatus
1397 711 1436 742 et

102 769 299 818 perbrevis
314 784 325 817 3
370 769 448 807 iam
496 769 535 807 in
582 770 811 808 altercando
850 768 1000 807 invenit
1038 782 1172 819 parem
1213 768 1432 807 neminem.

103 835 290 873 Versatus
329 842 386 874 est
423 834 464 872 in
503 834 613 873 omni
647 835 726 872 fere
763 847 906 884 genere
941 847 1177 882 causarum3
1206 842 1359 873 mature
1395 833 1435 871 in

45 911 86 934 xo
103 899 235 937 locum
255 898 477 949 principum
502 906 702 937 oratorum
722 898 841 937 venit.
901 898 1115 937 Accusavit
1136 900 1180 938 C.
1204 899 1433 938 Carbonem

102 963 471 1014 eloquentissimum
491 963 696 1002 hominem
711 964 931 1002 admodum
945 965 1180 1003 adulescens
1196 979 1207 1012 3
1235 977 1431 1002 summam

102 1027 234 1078 ingeni
254 1042 335 1068 non
356 1030 515 1068 laudem
543 1029 665 1068 modo
689 1030 760 1068 sed
790 1028 909 1067 etiam
934 1028 1239 1068 admirationem
1260 1036 1320 1067 est
1341 1042 1436 1067 con-

42 1115 47 1120 ·
103 1101 271 1132 secutus.
334 1093 522 1133 Defendit
549 1101 688 1144 postea
717 1093 913 1132 Liciniam
942 1093 1143 1144 virginem,
1179 1107 1270 1132 cum
1303 1107 1433 1132 annos

106 1169 224 1196 xxvn
252 1166 367 1197 natus
394 1166 507 1197 esset.
567 1160 615 1197 In
644 1172 691 1198 ea
719 1158 804 1209 ipsa
832 1172 951 1197 causa
979 1158 1052 1197 fuit
1080 1158 1434 1209 eloquentissimus

46 1237 85 1270 ¹5
105 1222 372 1273 orationisque
401 1222 485 1262 eius
514 1222 676 1274 scriptas
705 1225 899 1274 quasdam
919 1223 1038 1274 partis
1068 1223 1238 1274 reliquit.
1298 1223 1435 1262 Voluit

103 1288 337 1327 adulescens
365 1288 406 1326 in
428 1288 586 1327 colonia
612 1288 866 1327 Narbonensi
893 1302 1035 1328 causae
1062 1288 1260 1339 popularis
1281 1287 1434 1338 aliquid

102 1353 305 1404 adtingere
324 1367 492 1404 eamque
515 1354 725 1402 coloniam,
754 1362 797 1392 ut
826 1354 929 1403 fecit,
951 1355 1035 1405 ipse
1055 1355 1278 1402 deducere3
1308 1361 1433 1392 exstat

103 1417 143 1456 in
172 1431 259 1457 eam
289 1420 416 1469 legem
445 1418 585 1467 senior,
609 1427 652 1458 ut
675 1418 729 1458 ita
754 1419 896 1467 dicam,
919 1433 1038 1470 quam
1067 1427 1175 1458 aetas
1195 1418 1260 1457 illa
1280 1418 1431 1457 ferebat

103 1483 238 1523 oratio.
299 1485 451 1523 Multae
479 1484 626 1523 deinde
654 1498 796 1524 causae
816 1500 827 1533 3
856 1486 927 1524 sed
955 1484 1009 1524 ita
1037 1484 1179 1524 tacitus
1208 1483 1433 1523 tribunatus

0 1542 87 1602 ζᾕοο
104 1555 157 1597 ut,
197 1548 272 1588 nisi
313 1548 353 1587 in
400 1562 449 1588 eo
496 1549 723 1599 magistratu
769 1549 989 1589 cenavisset
1035 1551 1142 1600 apud
1189 1561 1430 1600 praeconem

0 1607 16 1648 51³
56 1659 59 1661 ¹
104 1613 295 1652 Granium
329 1613 450 1664 idque
482 1614 599 1653 nobis
636 1614 696 1653 bis
733 1614 967 1654 narravisset
1001 1614 1188 1662 Lucilius,
1224 1613 1433 1652 tribunum

0 1674 18 1719 s]
103 1678 230 1728 plebis
258 1678 500 1718 nesciremus
528 1679 658 1718 fuisse.
719 1681 780 1718 Ita
808 1693 982 1730 prorsus,
1000 1679 1129 1730 inquit
1159 1681 1332 1726 Brutus;
1362 1679 1433 1718 sed

0 1711 5 1770 l
104 1756 153 1781 ne
190 1744 242 1782 de
279 1744 492 1782 Scaevolae
528 1743 691 1794 quidem
738 1743 939 1783 tribunatu
977 1744 1192 1795 quicquam
1232 1743 1435 1782 audivisse

40 1838 45 1839 γ
103 1807 240 1846 videor
276 1815 315 1846 et
352 1821 443 1846 eum
481 1810 687 1859 conlegam
720 1808 850 1848 Crassi
884 1810 1004 1847 credo
1037 1808 1168 1847 fuisse.
1228 1807 1432 1848 Omnibus

45 1891 86 1925 ,5
103 1870 266 1921 quidem
294 1871 390 1919 aliis,
413 1871 587 1922 inquam,
609 1871 650 1910 in
679 1872 980 1922 magistratibus,
1012 1873 1082 1912 sed
1111 1872 1294 1912 tribunus
1326 1886 1435 1911 anno

103 1943 192 1986 post
219 1936 291 1975 fuit
320 1950 448 1987 eoque
477 1937 517 1975 in
548 1937 701 1976 Rostris
731 1938 895 1977 sedente
923 1937 1045 1976 suasit
1071 1937 1274 1976 Serviliam
1305 1939 1433 1988 legem

102 2002 266 2040 Crassus
283 2016 294 2049 5
323 2015 413 2040 nam
444 2015 651 2041 censuram
680 2002 765 2041 sine
798 2004 987 2041 Scaevola
1023 2002 1168 2053 gessit:
1202 2016 1294 2041 eum
1325 2002 1432 2042 enim

103 2066 369 2117 magistratum
390 2081 510 2106 nemo
530 2081 719 2118 umquam
737 2069 1013 2107 Scaevolarum
1029 2068 1176 2118 petivit.
1237 2069 1315 2107 Sed
1332 2069 1431 2107 haec

103 2131 233 2171 Crassi
262 2144 353 2170 cum
383 2132 489 2171 edita
517 2132 642 2171 oratio
671 2140 741 2180 est,
772 2146 892 2183 quam
927 2140 965 2171 te
995 2146 1113 2183 saepe
1148 2132 1287 2183 legisse
1321 2140 1432 2172 certo

43 2196 196 2250 goscio,
231 2204 415 2247 quattuor
443 2205 482 2236 et
515 2197 671 2248 triginta
705 2205 788 2236 tum
823 2197 996 2236 habebat
1024 2211 1150 2236 annos
1181 2197 1430 2248 totidemque

46 2251 52 2255 ⁴
100 2260 214 2300 annis
246 2261 341 2299 mihi
379 2269 507 2301 aetate
538 2263 772 2313 praestabat.
834 2262 909 2301 His
941 2262 1047 2302 enim
1079 2262 1311 2302 consulibus
1345 2276 1431 2301 eam

39 2368 42 2371 ,
100 2326 226 2376 legem
248 2325 368 2364 suasit
388 2325 534 2376 quibus
555 2326 635 2365 nati
656 2339 804 2374 sumuS,
826 2340 918 2365 cum
940 2326 1023 2377 ipse
1044 2334 1148 2366 esset
1162 2327 1211 2376 Q.
1228 2327 1433 2378 Caepione

26 2458 43 2467 ,ὦ
143 2438 164 2468 5
186 2429 372 2460 vehemens
388 2430 556 2461 interdum
573 2435 607 2460 et
625 2430 709 2460 irata
727 2430 851 2470 Campe
981 2441 1018 2461 21
1046 2430 1098 2462 bis
1112 2441 1177 2463 om.
1194 2430 1234 2471 Ο,
1247 2430 1313 2462 secl.
1327 2429 1431 2463 Lam-

25 2467 39 2507 ’Ϋ
101 2471 196 2504 binus
326 2483 369 2513 3ο
392 2478 460 2504 tum
478 2472 506 2503 L
521 2484 529 2504 ε
553 2474 629 2504 dum
648 2473 687 2512 F,
705 2473 772 2506 secl.
790 2473 917 2513 Kayser

1460 781 1519 814 ¹59

1460 1093 1521 1125 160

1461 1680 1516 1711 161
