1630 2730
684 139 902 178 BRVTVS
1119 148 1122 149 ’
1408 152 1457 190 19
1480 155 1522 189 74

130 249 242 300 quasi
271 248 475 288 notatione
504 256 727 300 temporum
754 250 869 289 etad
898 249 939 289 id
969 252 1078 301 quod
1102 250 1314 301 instituisti,
1337 260 1462 292 orato-

129 328 215 354 rum
248 328 392 366 genera
421 315 661 366 distinguere
698 315 905 364 aetatibus,
938 315 1053 355 istam
1092 317 1337 368 diligentiam
1375 332 1461 358 esse

129 381 472 419 accommodatam
512 388 620 432 puto.
694 382 831 430 Recte,
865 381 1039 432 inquam,
1082 384 1213 430 Brute,
1253 383 1457 434 intellegis.
1480 399 1519 433 75

129 447 262 496 Atque
291 446 442 484 utinam
470 453 666 485 exstarent
694 445 760 485 illa
787 446 972 495 carmina,
1001 460 1103 498 quae
1132 447 1264 486 multis
1293 448 1460 488 saeculis

91 528 110 561 5
128 519 220 550 ante
248 524 359 549 suam
389 518 558 550 aetatem
587 510 628 549 in
651 511 777 562 epulis
806 525 892 551 esse
921 512 1109 551 cantitata
1134 526 1157 552 a
1183 512 1344 564 singulis
1368 527 1461 553 con-

128 575 224 615 vivis
250 577 301 615 de
324 578 517 615 clarorum
537 576 708 615 virorum
737 576 921 616 laudibus
950 577 990 615 in
1011 577 1240 629 Originibus
1269 578 1458 629 scriptum

126 641 283 692 reliquit
316 643 441 682 Cato!
497 643 652 681 Tamen
682 641 795 690 illius,
832 656 951 693 quem
986 642 1025 681 in
1056 643 1211 682 vatibus
1242 651 1280 683 et
1311 644 1457 684 Faunis

126 708 360 746 adnumerat
391 707 555 754 Ennius,
591 708 740 746 bellum
775 707 971 746 Punicum
1005 708 1117 759 quasi
1147 709 1326 759 Myronis
1355 723 1456 760 opus

125 773 306 812 delectat.
364 773 422 811 Sit
452 773 605 811 Ennius
633 786 739 820 sane,
760 780 804 811 ut
833 780 892 812 est
919 781 1035 822 certe,
1066 774 1298 825 perfectior3
1327 775 1395 825 qui
1425 775 1457 814 si
1477 779 1518 822 76

70 855 111 878 10
127 837 249 885 illum,
272 846 314 877 ut
333 837 502 886 simulat,
524 845 808 886 contemneret,
829 852 911 878 non
931 838 1066 878 omnia
1091 840 1195 879 bella
1214 853 1456 891 persequens

126 902 296 954 primurn
317 903 415 942 illud
435 903 631 942 Punicum
657 903 891 943 acerrimum
911 905 1060 944 bellurn
1087 904 1317 955 reliquisset.
1376 907 1457 946 Sed

125 968 208 1019 ipse
228 969 323 1007 dicit
349 982 418 1007 cur
437 969 477 1008 id
498 969 625 1008 faciat.
686 969 928 1020 ‘Scripsere‚'
956 969 1094 1020 inquit,
1120 970 1206 1009 ‘alii
1231 984 1314 1010 rem
1338 971 1456 1010 vorsi-

125 1034 315 1073 bus'—et
351 1036 551 1074 luculente
598 1034 761 1085 quidem
806 1035 1056 1086 scripserunt,
1097 1035 1216 1075 etiam
1253 1036 1286 1074 si
1324 1036 1454 1076 minus

123 1113 243 1150 quam
281 1107 324 1138 tu
361 1100 494 1150 polite.
554 1101 640 1139 Nec
673 1113 766 1139 vero
806 1100 877 1139 tibi
908 1100 1020 1139 aliter
1056 1100 1180 1140 videri
1218 1102 1349 1150 debet,
1386 1102 1454 1152 qui

0 1151 24 1214 l
66 1177 146 1213 15ss
166 1164 319 1203 Naevio
344 1166 405 1203 vel
429 1164 630 1215 sumpsisti
657 1165 791 1212 multa,
814 1164 846 1203 si
870 1165 1011 1213 fateris,
1034 1167 1105 1214 vel,
1129 1165 1161 1204 si
1189 1180 1319 1217 negas,
1343 1166 1455 1205 surri-

0 1235 1 1239 ’
121 1229 251 1280 puisti.

175 1296 280 1335 Cum
309 1296 386 1334 hoc
415 1295 570 1335 Catone
597 1295 825 1346 grandiores
854 1303 949 1334 natu
979 1297 1135 1335 fuerunt
1165 1297 1210 1336 C.
1234 1296 1450 1336 Flaminius
1472 1305 1514 1343 77

122 1361 167 1401 C.
190 1362 314 1400 Varro
339 1362 389 1410 Q.
413 1360 611 1399 Maximus
633 1361 682 1410 Q.
707 1362 894 1400 Metellus
922 1363 962 1400 P.
987 1363 1179 1401 Lentulus
1207 1364 1248 1401 P.
1273 1363 1452 1412 Crassus,

121 1422 189 1474 qui
208 1437 299 1462 cum
320 1422 519 1473 superiore
539 1422 727 1462 Africano
747 1425 886 1462 consul
915 1423 998 1463 fuit.
1058 1426 1196 1474 Ipsum
1223 1424 1452 1476 Scipionem

0 1478 1 1528 J
62 1507 104 1530 πο
119 1488 345 1539 accepimus
365 1502 446 1527 non
472 1487 663 1527 infantem
690 1488 820 1528 fuisse.
881 1489 1001 1528 Filius
1024 1489 1187 1540 quidem
1211 1490 1306 1539 eius,
1328 1490 1360 1529 is
1385 1491 1453 1541 qui

120 1556 227 1593 hunc
264 1553 458 1593 minorem
495 1553 723 1604 Scipionem
756 1568 780 1593 a
808 1556 947 1594 Paullo
978 1555 1192 1606 adoptavit,
1225 1555 1257 1594 si
1287 1569 1452 1607 corpore

118 1620 314 1668 valuisset,
347 1620 388 1658 in
418 1619 553 1670 primis
583 1620 742 1659 habitus
775 1628 878 1660 esset
911 1620 1102 1670 disertus;
1142 1621 1320 1661 indicant
1357 1636 1447 1662 cum

119 1685 387 1724 oratiunculae
414 1692 498 1723 tum
529 1684 690 1723 historia
719 1687 916 1735 quaedam
951 1687 1103 1726 Graeca
1135 1687 1279 1738 scripta
1307 1688 1449 1727 dulcis-

120 1750 229 1790 sime.
289 1751 547 1800 Numeroque
575 1751 718 1789 eodem
751 1750 824 1789 fuit
857 1752 942 1790 Sex.
974 1752 1122 1800 Aelius,
1157 1752 1250 1792 iuris
1283 1753 1446 1804 quidem

60 1833 100 1865 25
119 1815 242 1855 civilis
258 1815 435 1854 omniurn
458 1815 740 1866 peritissumus,
756 1817 826 1854 sed
841 1816 959 1855 etiam
974 1818 1027 1856 ad
1042 1817 1258 1857 dicendum
1278 1827 1446 1869 paratus.

123 1883 184 1920 De
227 1880 445 1920 minoribus
489 1888 622 1919 autem
662 1881 707 1920 C.
743 1881 939 1932 Sulpicius
978 1883 1126 1930 Gallus,
1166 1882 1234 1934 qui
1279 1883 1449 1924 maxime

118 1946 298 1986 omnium
327 1946 522 1985 nobilium
553 1945 714 1985 Graecis
743 1946 880 1985 litteris
909 1947 1060 1986 studuit
1075 1962 1084 1995 ς
1122 1947 1234 1999 isque
1261 1956 1299 1988 et
1325 1957 1450 1988 orato-

117 2025 203 2051 rum
232 2011 272 2050 in
303 2025 468 2050 numero
499 2019 558 2050 est
587 2011 745 2050 habitus
779 2019 818 2051 et
847 2012 919 2051 fuit
948 2012 1107 2064 reliquis
1141 2014 1257 2053 rebus
1287 2022 1448 2054 ornatus

116 2086 235 2129 atque
255 2079 424 2128 elegans.
471 2078 556 2115 Iam
577 2077 684 2115 enim
700 2085 781 2116 erat
802 2078 956 2118 unctior
975 2080 1172 2130 quaedam
1190 2080 1449 2130 splendidior-

59 2158 100 2190 30
117 2157 195 2195 que
215 2144 464 2183 consuetudo
479 2143 682 2193 loquendi.
731 2145 837 2182 Nam
850 2145 927 2183 hoc
946 2152 1124 2196 praetore
1139 2146 1255 2185 ludos
1271 2146 1449 2197 Apollini

1465 1731 1521 1762 20

1469 1784 1509 1826 78

162 2258 188 2287 1,
209 2258 228 2278 2
252 2252 423 2278 oratorum
441 2271 450 2279 .
468 2270 476 2278 .
496 2271 504 2279 .
524 2248 693 2279 aetatibus
715 2247 783 2279 secl.
808 2247 934 2289 Stangl
1063 2259 1080 2289 7
1105 2253 1217 2280 tamen
1244 2249 1297 2281 L:
1321 2250 1368 2282 ita
1393 2261 1448 2283 me

121 2290 288 2323 Waedner:
314 2301 394 2322 nam
412 2291 519 2322 Naevi
535 2291 706 2323 Eberhard
893 2294 914 2323 8
937 2297 1114 2324 enumerat
1137 2292 1250 2324 BHM
1379 2295 1449 2326 bel-

114 2335 288 2411 ΙΙιὲεῐὲἰοιίιΙ.
307 2335 366 2366 det.
382 2346 389 2366 ε
414 2335 502 2366 bello
519 2335 548 2367 L
682 2345 721 2376 19
745 2335 773 2367 is
790 2336 845 2376 qui
863 2336 983 2367 maluit
995 2335 1116 2378 Stangl
1236 2347 1279 2378 29
1302 2338 1448 2371 vinctior
