1696 2730
137 141 188 182 27
207 149 250 185 93
552 133 610 171 M.
651 132 823 171 TVLLI
863 130 1176 171 CICERONIS

203 236 366 277 dixisset
379 251 391 286 ;
436 234 494 290 et]
526 234 727 276 horridam
765 234 942 274 Africam
979 233 1142 273 terribili
1174 240 1342 273 tremere
1371 233 1543 272 tumultu

204 301 315 357 [cum
344 302 442 343 dicit
468 316 541 353 pro
564 301 670 340 Afris
699 301 907 353 immutate
933 298 1151 353 Africam]:
1190 300 1294 338 hanc
1322 299 1546 349 ὑπαλλαγὴν

203 370 392 417 rhetores,
423 368 517 420 quia
544 366 658 419 quasi
686 372 980 405 summutantur
1007 365 1128 404 verba
1160 378 1232 416 pro
1261 364 1402 414 verbis,
1433 382 1546 416 μετω-

144 451 189 484 94
205 436 338 486 νυμίαν
358 432 605 485 grammatici
623 439 782 480 vocant,
802 431 912 482 quod
935 429 1100 470 nomina
1125 431 1433 479 transferuntur;
1461 429 1546 469 Ari-

205 501 367 539 stoteles
395 506 530 538 autem
556 495 802 536 translationi
822 502 861 535 et
881 496 980 534 haec
1000 494 1085 546 ipsa
1111 494 1314 545 subiungit
1333 501 1373 534 et
1391 493 1546 534 abusio-
1565 508 1582 540 5

204 579 310 614 nem,
332 578 453 615 quam
478 564 709 615 κατάχρησιν
728 568 856 609 vocat,
878 568 921 599 ut
944 574 1036 600 cum
1057 559 1256 598 minutum
1276 559 1447 599 dicimus
1466 558 1546 598 ani-

205 644 315 669 mum
329 644 401 682 pro
416 643 537 681 parvo
546 644 556 678 3
576 636 615 669 et
629 627 831 667 abutimur
845 626 974 665 verbis
989 625 1237 677 propinquis,
1250 625 1282 664 si
1294 639 1395 676 opus
1411 632 1470 664 est
1484 626 1547 665 vel

206 697 316 747 quod
336 697 508 735 delectat
527 695 589 734 vel
609 694 719 745 quod
740 694 867 731 decet.
918 693 1004 730 Iam
1025 705 1117 730 cum
1138 692 1334 730 fluxerunt
1354 690 1546 730 continuo

204 764 336 814 plures
360 760 647 806 translationes,
669 758 746 797 alia
769 759 887 809 plane
913 758 956 795 fit
980 756 1105 796 oratio
1121 772 1132 805 3
1165 756 1299 807 itaque
1321 769 1446 808 genus
1469 757 1548 795 hoc

206 826 349 867 Graeci
376 827 578 877 appellant
607 825 863 877 ἀλληγορίανι
901 821 1065 861 nomine
1093 829 1212 870 recte,
1234 835 1378 872 genere
1406 820 1548 861 melius
1570 833 1607 856 ιο

205 892 272 932 ille
306 891 375 943 qui
407 891 482 931 ista
513 890 648 930 omnia
679 888 956 928 translationes
989 894 1116 926 vocat.
1177 889 1292 926 Haec
1325 888 1548 938 frequentat

207 959 422 997 Phalereus
442 955 613 995 maxime
633 962 805 1005 suntque
821 952 1051 993 dulcissima
1067 967 1078 1002 3
1106 960 1146 992 et
1165 966 1408 1004 quamquam
1429 959 1549 991 trans-

206 1022 302 1062 latio
333 1030 393 1061 est
425 1022 533 1073 apud
563 1034 655 1060 eum
687 1021 822 1066 multa,
854 1026 990 1058 tamen
1019 1018 1317 1058 immutationes
1350 1031 1548 1069 nusquam

150 1097 190 1131 95
208 1087 435 1128 crebriores.
495 1089 544 1126 In
571 1085 677 1126 idem
705 1098 829 1136 genus
859 1083 1246 1134 orationis—loquor
1273 1083 1380 1123 enim
1407 1084 1459 1123 de
1484 1082 1550 1122 illa

208 1153 368 1193 modica
405 1167 457 1194 ac,
490 1151 976 1203 temperata—verborum
1018 1150 1169 1188 cadunt
1211 1149 1363 1191 lumina
1400 1148 1546 1196 omnia,
1570 1158 1607 1190 15

208 1221 333 1258 multa
359 1218 477 1258 etiarn
506 1217 818 1265 sententiarum3
847 1217 949 1254 latae
975 1214 1233 1265 eruditaeque
1261 1213 1550 1266 disputationes

207 1285 259 1324 ab
280 1286 424 1324 eodem
444 1282 745 1335 explicabuntur
765 1289 804 1321 et
822 1280 901 1320 loci
927 1293 1163 1319 communes
1189 1279 1274 1319 sine
1294 1279 1551 1319 contentione

208 1350 400 1390 dicentur.
461 1348 571 1398 Quid
591 1349 745 1386 multa?
782 1360 804 1386 e
824 1346 1154 1398 philosophorum
1178 1345 1325 1384 scholis
1351 1346 1448 1384 tales
1471 1346 1551 1384 fere

208 1417 407 1464 evadunt,
440 1422 479 1454 et
508 1413 584 1453 nisi
612 1427 746 1453 coram
776 1412 848 1452 erit
878 1419 1129 1462 comparatus
1155 1411 1220 1450 ille
1245 1410 1392 1460 fortior,
1414 1424 1484 1462 per
1509 1413 1555 1450 se'

148 1484 191 1526 96
208 1481 275 1520 hic
319 1494 439 1532 quem
478 1479 569 1520 dico
614 1478 856 1531 probabitur.
925 1479 998 1516 Est
1035 1476 1142 1516 enim
1186 1477 1392 1527 quoddam
1430 1475 1548 1516 etiam
1571 1498 1612 1520 20

207 1547 362 1597 insigne
391 1553 430 1585 et
459 1547 603 1585 florens
633 1543 820 1584 orationis
849 1542 999 1594 pictum
1030 1549 1069 1582 et
1097 1542 1315 1592 expolitum
1343 1555 1478 1593 genus,
1510 1541 1551 1581 in

209 1627 291 1664 quo
304 1625 444 1651 omnes
460 1611 683 1659 verborum,
699 1623 839 1649 omnes
860 1608 1149 1648 sententiarum
1160 1607 1372 1661 inligantur
1385 1609 1551 1659 lepores.

210 1680 307 1717 Hoc
336 1684 464 1717 totum
494 1690 516 1716 e
546 1675 812 1726 sophistarum
841 1673 1018 1713 fontibus
1048 1672 1212 1712 defluxit
1239 1671 1282 1711 in
1309 1673 1450 1721 forum,
1481 1674 1552 1712 sed

210 1751 386 1795 spretum
416 1755 441 1781 a
471 1741 694 1789 subtilibus,
727 1741 929 1791 repulsum
967 1752 992 1777 a
1023 1738 1206 1789 gravibus
1237 1737 1278 1777 in
1311 1751 1359 1778 ea
1391 1739 1443 1778 de
1472 1751 1551 1789 qua

209 1810 353 1859 loquor
372 1805 646 1846 mediocritate
665 1803 859 1844 consedit.
1571 1823 1587 1847 2
1594 1823 1611 1855 5

266 1873 424 1913 Tertius
453 1879 513 1911 est
540 1871 606 1910 ille
633 1871 791 1922 amplus
819 1868 1017 1920 copiosus,
1047 1867 1173 1919 gravis
1201 1875 1376 1917 ornatus,
1401 1867 1443 1907 in
1471 1881 1552 1919 quo

212 1940 391 1990 profecto
421 1936 479 1975 vis
518 1935 689 1975 maxima
726 1941 796 1974 est.
857 1932 939 1972 Hic
977 1940 1036 1972 est
1073 1932 1191 1981 enim,
1227 1932 1340 1972 cuius
1370 1940 1553 1972 ornatum

213 2004 375 2044 dicendi
402 2010 440 2042 et
470 2001 628 2053 copiam
657 2000 874 2040 admiratae
903 2006 1040 2050 gentes
1070 1997 1340 2049 eloquentiam
1359 1997 1401 2037 in
1424 1997 1555 2037 civita-

213 2070 319 2109 tibus
348 2067 563 2120 plurimum
583 2067 712 2106 valere
741 2078 880 2116 passae
910 2071 1012 2112 sunt,
1039 2065 1110 2102 sed
1139 2065 1242 2103 hanc
1271 2062 1551 2114 eloquentiam,

214 2149 317 2187 quae
354 2147 471 2173 cursu
509 2145 655 2183 magno
693 2130 907 2181 sonituque
945 2130 1118 2177 ferretur,
1151 2142 1272 2180 quam
1309 2128 1554 2181 suspicerent
1574 2147 1615 2179 30

142 1844 194 1881 28

259 2249 279 2269 2
302 2248 377 2269 cum
394 2262 401 2269 .
422 2262 429 2269 .
450 2260 458 2268 .
478 2235 631 2267 Africam
656 2235 725 2267 secl.
756 2234 848 2265 Bake
994 2233 1015 2263 8
1039 2234 1138 2265 decet
1165 2233 1199 2263 A
1220 2245 1227 2265 :
1250 2233 1330 2265 licet
1348 2231 1380 2264 L
1516 2235 1555 2265 16

215 2283 325 2314 laetae
350 2281 461 2312 Iulius
498 2279 608 2311 Victor
745 2289 798 2318 17,
818 2278 858 2309 18
881 2276 1144 2317 explicabuntur
1158 2301 1166 2310 .
1185 2300 1194 2309 .
1214 2301 1222 2309 .
1244 2277 1402 2308 dicentur
1415 2276 1450 2308 A
1467 2288 1474 2309 :
1499 2288 1556 2308 ex·

217 2327 386 2367 plicantur
406 2349 414 2356 .
433 2349 441 2356 .
461 2347 469 2356 .
490 2324 648 2355 dicuntur
663 2321 693 2353 L
797 2332 840 2353 20
863 2331 965 2361 quem
980 2319 1011 2351 L
1027 2332 1035 2352 ε
1058 2321 1149 2361 quod
1166 2320 1200 2351 A
1305 2330 1344 2352 21
1370 2320 1506 2361 insigne
1521 2325 1555 2352 et

219 2369 247 2401 C
261 2381 268 2400 :
291 2368 483 2408 insignibus
501 2367 621 2398 maluit
636 2366 764 2407 Stangl
859 2365 985 2396 florens
1003 2364 1031 2396 C
1042 2376 1048 2395 :
1085 2365 1222 2396 floribus
1237 2363 1424 2406 Heerdegen
1513 2374 1555 2405 24

217 2414 260 2445 de
277 2412 306 2443 L
322 2423 330 2444 :
354 2412 489 2443 demum
504 2411 615 2442 Iulius
634 2409 763 2442 Victor:
787 2410 924 2440 demum
940 2409 982 2440 de
999 2408 1126 2450 Stangl
1254 2418 1297 2449 29
1319 2408 1472 2449 pluribus
1487 2408 1521 2439 A
