1696 2730
704 139 924 178 BRVTVS
1433 140 1484 178 82
1505 146 1570 188 ²84

153 251 368 292 sulsitatem
390 251 496 291 enim
517 259 556 291 et
574 250 828 290 insolentiam
848 260 1052 301 tamquam
1073 250 1268 290 insaniam
1282 253 1484 302 quandam

153 317 340 357 orationis
370 317 464 365 odit,
497 316 705 356 sanitatem
733 324 868 356 autem
897 324 936 356 et
965 316 1228 367 integritatem
1260 317 1373 367 quasi
1401 317 1486 356 reli-

153 382 311 433 gionem
345 390 385 421 et
414 381 694 421 verecundiam
733 381 896 421 oratoris
935 383 1087 432 probat.
1148 384 1263 422 Haec
1303 382 1484 422 omnium

153 448 274 487 debet
295 455 494 486 oratorum
515 448 655 486 eadem
677 460 763 486 esse
783 447 989 486 sententia.
1049 447 1118 486 Sin
1148 455 1282 486 autem
1307 447 1485 486 ieiunita-
1506 457 1567 498 285

114 523 132 555 5
153 521 235 552 tem
265 521 304 552 et
335 512 552 551 siccitatem
583 519 623 551 et
653 512 840 563 inopiam,
867 514 964 551 dum
989 514 1112 552 modo
1143 512 1193 551 sit
1221 512 1354 563 polita,
1387 514 1484 551 dum

153 578 316 626 urbana,
354 579 451 616 dum
490 579 661 628 elegans,
692 577 733 615 in
764 577 899 616 Attico
933 591 1076 628 genere
1109 577 1232 628 ponit,
1267 579 1344 617 hoc
1379 585 1485 616 recte

152 643 356 682 dumtaxat
370 657 381 691 3
409 643 480 682 sed
501 642 593 692 quia
613 650 704 681 sunt
724 642 766 680 in
785 642 927 681 Atticis
947 642 1023 680 alia
1043 644 1135 681 aliis
1154 642 1327 690 meliora,
1351 642 1484 681 videat

153 722 203 747 ne
223 707 375 758 ignoret
394 715 433 746 et
451 709 595 758 gradus
615 715 654 746 et
674 707 1017 747 dissimilitudines
1038 715 1077 746 et
1096 707 1175 746 vim
1198 715 1237 746 et
1255 707 1483 747 varietatem

154 773 387 812 Atticorum.
447 772 650 820 ‘Atticos,'
679 771 818 822 inquit,
851 773 967 811 ‘volo
998 771 1165 811 imitari.'
1224 774 1368 822 Quos?
1410 785 1484 811 nec

95 856 135 879 10
153 838 258 878 enim
281 846 341 877 est
360 851 484 876 unum
508 851 643 888 genus.
703 839 808 876 Nam
839 837 935 888 quid
962 845 1020 876 est
1042 845 1122 876 tam
1147 837 1337 876 dissimile
1363 851 1483 888 quam

155 905 448 942 Demosthenes
469 911 508 941 et
528 895 694 952 Lysias?
722 916 843 953 quam
870 902 978 942 idem
1004 910 1044 942 et
1070 902 1326 953 Hyperides?
1364 916 1484 953 quam

154 971 294 1008 horum
329 968 509 1007 omnium
541 968 791 1008 Aeschines?
858 970 992 1018 Quem
1031 967 1147 1018 igitur
1185 968 1377 1007 imitaris?
1445 968 1486 1006 Si

151 1034 349 1085 aliquem:
382 1033 499 1073 ceteri
529 1047 621 1084 ergo
645 1033 778 1073 Attice
804 1047 886 1072 non
915 1034 1133 1073 dicebant?
1170 1033 1203 1072 si
1227 1033 1382 1072 omnis:
1416 1033 1486 1083 qui

154 1108 278 1151 potes,
308 1113 400 1138 cum
430 1098 508 1138 sint
537 1098 611 1149 ipsi
644 1098 896 1137 dissimillimi
930 1099 1031 1138 inter
1063 1101 1136 1138 se?
1193 1100 1241 1137 In
1273 1112 1354 1149 quo
1387 1098 1486 1137 illud

95 1181 132 1214 15
154 1164 272 1204 etiam
306 1177 464 1214 quaero,
506 1165 718 1202 Phalereus
756 1164 822 1203 ille
854 1163 1080 1203 Demetrius
1112 1163 1298 1202 Atticene
1332 1163 1482 1202 dixerit.

155 1229 258 1268 Mihi
279 1229 442 1279 quidem
471 1243 518 1268 ex
546 1228 650 1267 illius
679 1228 926 1268 orationibus
955 1230 1134 1268 redolere
1164 1228 1272 1279 ipsae
1301 1229 1485 1267 Athenae

153 1295 346 1335 videntur.
405 1296 460 1333 At
485 1302 544 1333 est
573 1293 758 1342 floridior,
785 1302 828 1333 ut
852 1294 906 1333 ita
930 1294 1072 1342 dicam,
1096 1307 1216 1344 quarn
1245 1292 1482 1343 Hyperides,

153 1374 274 1412 quam
295 1359 454 1410 Lysias:
484 1367 622 1398 natura
642 1360 839 1409 quaedam
859 1366 927 1398 aut
941 1360 1124 1398 voluntas
1144 1358 1198 1397 ita
1218 1358 1380 1398 dicendi
1399 1358 1482 1397 fuit.

210 1427 262 1464 Et
281 1424 443 1475 quidem
464 1425 546 1463 duo
565 1426 723 1463 suerunt
746 1437 815 1475 per
835 1423 942 1463 idem
963 1432 1119 1474 tempus
1147 1423 1357 1462 dissimiles
1384 1423 1485 1462 inter
1505 1403 1557 1450 83

95 1511 137 1533 20
154 1505 207 1539 se,
230 1492 300 1530 sed
326 1490 449 1529 Attici
477 1498 611 1529 tamen
625 1504 636 1538 ;
674 1503 842 1540 quorum
873 1489 1076 1530 Charisius
1105 1490 1317 1527 multarum
1347 1488 1487 1527 oratio·
1507 1462 1570 1495 ²86

155 1570 263 1603 num,
296 1569 393 1606 quas
429 1554 627 1594 scribebat
663 1555 761 1602 aliis,
796 1568 888 1594 cum
927 1568 1071 1605 cupere
1109 1554 1306 1593 videretur
1343 1553 1486 1592 imitari

156 1621 314 1672 Lysiam
329 1635 339 1669 3
370 1621 641 1659 Demochares
669 1628 814 1667 autem,
846 1619 916 1670 qui
944 1620 1018 1658 fuit
1048 1619 1313 1659 Demostheni
1342 1618 1486 1658 sororis

156 1687 268 1734 filius,
291 1694 330 1724 et
350 1685 548 1724 orationes
578 1684 731 1736 scripsit
750 1685 903 1735 aliquot
923 1693 962 1724 et
982 1698 1116 1724 earum
1137 1698 1266 1723 rerum
1282 1683 1485 1722 historiam

156 1765 258 1802 quae
278 1758 389 1790 erant
417 1749 586 1789 Athenis
606 1750 728 1800 ipsius
757 1758 885 1789 aetate
914 1758 1046 1800 gestae
1080 1763 1162 1788 non
1192 1756 1272 1788 tam
1296 1748 1486 1788 historico

96 1835 135 1867 25
156 1830 276 1868 quam
319 1815 488 1855 oratorio
534 1829 677 1866 genere
718 1815 952 1866 perscripsit.
1029 1817 1163 1865 Atque
1211 1813 1365 1855 Charisi
1404 1815 1486 1853 vult

158 1881 352 1932 Hegesias
372 1894 458 1920 esse
488 1881 635 1929 similis,
659 1880 771 1931 isque
800 1894 842 1919 se
868 1880 923 1919 ita
951 1888 1063 1931 putat
1092 1879 1282 1927 Atticum,
1304 1887 1347 1918 ut
1373 1892 1485 1918 veros

155 1948 242 1987 illos
270 1960 363 1998 prae
391 1959 434 1985 se
462 1959 589 1996 paene
617 1946 778 1996 agrestis
813 1953 934 1996 putet.
998 1947 1052 1983 At
1085 1944 1182 1995 quid
1211 1951 1270 1983 est
1302 1952 1382 1983 tam
1416 1946 1486 1983 fra·
1507 1948 1570 1991 ²87

155 2021 277 2061 ctum,
298 2020 377 2051 tam
405 2011 616 2060 minutum,
637 2019 718 2050 tam
744 2011 785 2050 in
805 2010 900 2062 ipsa,
922 2024 1042 2061 quarn
1063 2018 1196 2049 tamen
1217 2009 1483 2060 consequitur,

155 2077 422 2118 concinnitate
451 2077 628 2128 puerile?
704 2076 949 2116 ‘Atticorum
983 2076 1130 2115 similes
1163 2088 1250 2114 esse
1278 2076 1484 2114 volumus.'

97 2159 138 2190 30
157 2143 318 2195 Optime
334 2158 343 2191 ;
376 2151 520 2182 suntne
550 2142 665 2193 igitur
694 2142 735 2181 hi
763 2141 886 2181 Attici
915 2143 1119 2180 oratores?
1187 2139 1311 2190 ‘Quis
1341 2154 1485 2191 negare

156 2210 315 2260 potest?
372 2210 462 2247 Hos
486 2207 709 2246 imitamur.'
766 2208 860 2256 Quo
887 2208 1021 2255 modo,
1044 2206 1112 2257 qui
1141 2213 1232 2245 sunt
1253 2213 1292 2244 et
1315 2205 1417 2244 inter
1443 2219 1485 2244 se

201 2323 219 2352 7
243 2312 317 2343 aliis
335 2311 411 2343 add.
432 2311 524 2342 Bake
661 2311 682 2340 8
706 2315 740 2341 et
755 2310 824 2341 vim
842 2315 875 2341 et
889 2309 1087 2341 varietatem
1111 2309 1179 2340 secl.
1201 2309 1240 2340 E.
1263 2307 1301 2340 V.
1319 2308 1490 2340 Eberhard

162 2366 200 2387 12
221 2356 249 2387 si
265 2356 411 2396 aliquem
428 2355 516 2396 vulg.
534 2367 541 2386 :
563 2355 625 2386 sed
642 2355 787 2394 aliquem
805 2353 834 2383 L
981 2363 1023 2394 25
1047 2358 1149 2393 atque
1164 2353 1296 2393 scrip3i:
1319 2357 1354 2383 at
1370 2352 1399 2382 L
1415 2364 1422 2383 :
1445 2363 1485 2384 ac

154 2400 249 2439 Jahn
418 2409 457 2438 31
484 2399 653 2430 imitamur
670 2397 714 2430 G:
739 2397 887 2429 imitatur
904 2396 962 2429 H:
987 2397 1164 2428 imitantur
1179 2395 1329 2428 FOBM²
1418 2407 1485 2437 quo

158 2454 224 2485 quo
241 2443 340 2475 modo
358 2441 471 2474 BHM
