1696 2730
215 166 269 204 14
614 157 671 195 M.
712 157 883 196 TVLLI
925 156 1236 198 CICERONIS

254 269 378 318 Quod
398 268 430 307 si
450 282 570 319 quem
589 275 658 308 aut
677 276 817 308 natura
836 283 907 309 sua
928 268 1028 323 [aut]
1049 270 1115 309 illa
1133 270 1366 322 praestantis
1385 270 1520 322 ingeni
1534 271 1592 311 vis

251 336 351 375 forte
382 334 542 374 deficiet
574 342 642 374 aut
672 334 804 375 minus
837 335 1050 375 instructus
1082 335 1154 375 erit
1187 350 1420 387 magnarum
1449 336 1591 376 artium

253 400 482 452 disciplinis,
506 408 639 439 teneat
662 408 797 440 tamen
820 415 912 440 eum
939 415 1098 440 cursum
1119 415 1239 452 quem
1264 401 1410 453 poterit
1423 417 1434 451 3
1465 402 1594 454 prima

253 466 368 506 enim'
390 473 624 517 sequentem
653 467 867 506 honestum
896 456 956 506 est
984 466 1026 505 in
1054 467 1240 507 secundis
1270 467 1473 518 tertiisque
1501 481 1593 507 con-

251 532 398 571 sistere.
458 533 564 570 Nam
593 531 634 570 in
663 531 790 583 poetis
819 546 902 572 non
923 534 1106 572 Homero
1135 532 1209 572 soli
1237 533 1348 572 locus
1377 540 1446 581 est,
1468 540 1512 572 ut
1540 534 1592 573 de
1611 546 1628 579 5

254 596 416 637 Graecis
444 599 593 648 loquar,
624 605 693 636 aut
721 597 964 638 Archilocho
993 605 1061 637 aut
1090 597 1280 649 Sophocli
1307 605 1376 637 aut
1404 597 1589 647 Pindaro,

214 680 232 712 5
253 664 325 702 sed
344 663 487 702 horum
507 664 568 701 vel
588 662 774 702 secundis
794 665 856 702 vel
879 662 999 707 etiam
1026 663 1125 702 infra
1148 664 1346 702 secundos
1359 677 1371 712 3
1403 677 1480 703 nec
1498 677 1592 703 vero

254 728 510 768 Aristotelem
533 728 575 767 in
598 727 852 780 philosophia
870 728 1060 768 deterruit
1083 743 1107 768 a
1134 729 1347 768 scribendo
1369 728 1592 780 amplitudo

256 794 444 842 Platonis,
466 808 541 833 nec
564 793 648 845 ipse
667 794 900 834 Aristoteles
925 794 1150 834 admirabili
1169 795 1343 845 quadam
1368 794 1533 833 scientia
1551 801 1591 834 et

212 877 237 905 2
253 860 370 911 copia
402 867 623 899 ceterorum
653 860 785 899 studia
816 859 1003 899 restinxit.
1062 861 1150 899 Nec
1182 861 1312 899 solum
1344 860 1396 899 ab
1430 859 1590 911 optimis
1610 878 1651 901 10

251 925 393 964 studiis
421 927 658 964 excellentes
687 925 758 963 viri
785 924 960 964 deterriti
992 939 1076 964 non
1109 932 1211 972 sunt,
1242 926 1313 965 sed
1346 939 1398 965 ne
1428 925 1591 976 opifices

253 990 416 1040 quidem
443 1004 485 1030 se
505 992 554 1029 ab
581 990 731 1030 artibus
757 990 837 1030 suis
857 997 1120 1039 removerunt,
1143 990 1212 1041 qui
1230 998 1298 1029 aut
1319 990 1448 1041 Ialysi,
1470 1004 1591 1042 quem

255 1055 392 1095 Rhodi
411 1055 595 1104 vidimus,
621 1070 704 1096 non
726 1063 941 1107 potuerunt
965 1063 1034 1095 aut
1061 1057 1170 1096 Coae
1188 1056 1356 1096 Veneris
1378 1055 1592 1107 pulchritu-

252 1121 388 1161 dinem
417 1121 571 1170 imitari‚
602 1135 678 1161 nec
706 1121 917 1162 simulacro
944 1121 1051 1162 Iovis
1076 1121 1252 1173 Olympii
1280 1128 1349 1160 aut
1377 1120 1591 1172 doryphori

252 1195 382 1226 statua
404 1186 579 1227 deterriti
606 1187 747 1238 reliqui
773 1187 904 1226 minus
933 1187 1082 1239 experti
1105 1194 1197 1226 sunt
1220 1186 1317 1238 quid
1343 1187 1497 1226 efficere
1522 1193 1590 1226 aut
1609 1203 1648 1237 15

253 1266 334 1303 quo
362 1253 546 1304 progredi
574 1260 739 1304 possent
751 1267 763 1302 3
792 1266 963 1303 quorum
991 1260 1102 1292 tanta
1129 1252 1344 1292 multitudo
1371 1252 1455 1300 fuit,
1481 1259 1590 1292 tanta

250 1317 291 1356 in
323 1332 395 1357 suo
429 1318 622 1369 cuiusque
651 1332 795 1369 genere
824 1320 924 1368 laus,
952 1325 1010 1367 ut,
1037 1332 1130 1358 cum
1163 1331 1320 1357 summa
1347 1317 1590 1367 miraremur,

207 1385 228 1418 6
250 1383 434 1423 inferiora
466 1391 600 1423 tamen
633 1384 901 1435 probaremus.
961 1385 1008 1423 In
1041 1383 1262 1423 oratoribus
1290 1397 1395 1431 vero,
1429 1383 1589 1423 Graecis

252 1448 428 1500 quidem,
450 1449 684 1489 admirabile
710 1457 769 1489 est
789 1457 982 1501 quantum
1006 1449 1108 1488 inter
1129 1448 1260 1488 omnis
1278 1462 1382 1488 unus
1401 1450 1590 1498 excellat3

253 1527 300 1553 ac
325 1521 472 1563 tamen,
492 1528 584 1554 cum
611 1522 715 1554 esset
736 1516 1041 1562 Demosthenes,
1063 1514 1178 1553 multi
1201 1520 1375 1553 oratores
1398 1513 1532 1565 magni
1550 1521 1591 1554 et
1609 1529 1649 1551 20

252 1579 346 1618 clari
365 1581 524 1620 fuerunt
543 1587 582 1619 et
601 1587 719 1619 antea
737 1581 892 1620 fuerant
911 1594 986 1619 nec
1006 1586 1144 1631 postea
1164 1580 1404 1618 defecerunt.
1438 1580 1530 1629 Qua
1548 1593 1589 1619 re

249 1658 332 1684 non
362 1652 422 1685 est
455 1659 525 1684 cur
557 1659 695 1685 eorum
726 1645 795 1697 qui
829 1659 870 1685 se
905 1645 1038 1685 studio
1069 1643 1320 1695 eloquentiae
1350 1643 1590 1684 dediderunt

248 1725 338 1762 spes
367 1711 600 1762 infringatur
621 1719 690 1750 aut
713 1713 941 1763 languescat
969 1710 1163 1750 industria
1176 1725 1187 1759 5
1223 1723 1317 1748 nam
1340 1723 1471 1761 neque
1490 1710 1589 1750 illud

247 1776 377 1828 ipsum
399 1779 509 1828 quod
536 1784 595 1816 est
621 1777 818 1828 optimum
847 1778 1140 1828 desperandum
1170 1784 1229 1816 est
1257 1783 1297 1816 et
1322 1776 1363 1815 in
1391 1784 1588 1828 praestan-

249 1842 354 1881 tibus
385 1843 503 1882 rebus
541 1856 685 1894 magna
723 1850 815 1882 sunt
852 1857 898 1882 ea
929 1856 1031 1894 quae
1069 1849 1160 1882 sunt
1198 1841 1358 1893 optimis
1395 1841 1584 1893 proxima.
1605 1858 1645 1892 25
1693 1866 1695 1868 v

208 1917 224 1951 7
249 1909 384 1958 Atque
418 1921 491 1958 ego
529 1907 571 1946 in
609 1921 767 1946 summo
800 1915 955 1947 oratore
985 1908 1174 1958 fingendo
1207 1909 1326 1946 talem
1361 1906 1587 1947 informabo

250 1973 376 2023 qualis
407 1975 571 2012 fortasse
602 1986 722 2012 nemo
753 1973 836 2012 fuit.
897 1974 992 2012 Non
1025 1972 1132 2012 enim
1163 1986 1311 2023 quaero
1342 1972 1430 2023 quis
1459 1971 1585 2020 fuerit,

250 2040 321 2078 sed
341 2038 438 2089 quid
459 2038 508 2077 sit
527 2038 637 2086 illud,
660 2038 859 2089 quo-nihil
879 2052 965 2078 esse
984 2037 1110 2089 possit
1128 2037 1403 2089 praestantius,
1417 2038 1528 2089 quod
1546 2037 1588 2077 in

244 2103 505 2155 perpetuitate
535 2103 697 2143 dicendi
725 2118 809 2143 non
839 2117 958 2155 saepe
987 2110 1107 2154 atque
1141 2104 1248 2143 haud
1282 2102 1365 2143 scio
1393 2117 1446 2142 an
1475 2116 1588 2142 num-

251 2183 382 2219 quam,
405 2169 445 2208 in
471 2169 604 2220 aliqua
627 2177 760 2209 autern
784 2177 895 2220 parte
918 2170 1072 2211 eluceat
1096 2168 1324 2220 aliquando,
1345 2167 1454 2208 idem
1478 2169 1586 2220 apud
1602 2185 1647 2220 30

290 2283 303 2303 1
331 2277 454 2304 natura
486 2284 547 2304 sua
575 2277 633 2304 aut
670 2273 783 2305 delevit
809 2272 970 2313 Sauppe:
1016 2276 1074 2304 aut
1103 2272 1175 2304 secl.
1206 2270 1354 2313 Madvig.
1411 2273 1506 2313 ‘post
1525 2281 1588 2304 sua

243 2316 436 2348 antera'dssse
461 2317 590 2357 aliquid
611 2317 754 2348 videtur’
779 2317 968 2358 Heerdegen
1143 2325 1164 2356 5
1188 2325 1267 2347 nam
1291 2315 1404 2356 vulg.:
1434 2325 1478 2346 an
1502 2314 1532 2346 L
1558 2319 1589 2346 et

246 2359 375 2391 Colum.
520 2370 560 2391 12
585 2361 626 2392 ab
642 2361 719 2392 add.
735 2360 925 2392 Lambinus
1068 2368 1108 2400 15
1132 2364 1244 2391 statua
1265 2359 1379 2400 vulg.:
1402 2363 1534 2390 statuae
1557 2358 1587 2390 L

252 2413 304 2442 17,
320 2404 359 2434 18
382 2403 581 2435 miraremur
594 2428 601 2435 .
616 2428 623 2435 .
638 2428 645 2436 .
658 2405 882 2445 probaremus
895 2404 924 2435 L
941 2416 948 2435 :
972 2403 1134 2435 miremur
1146 2427 1153 2434 .
1167 2427 1175 2435 .
1189 2427 1196 2435 .
1211 2403 1395 2444 probemus
1407 2402 1587 2434 Normann

243 2456 285 2487 23
308 2451 367 2478 aut
383 2457 464 2488 spes
482 2448 604 2479 maluit
618 2446 811 2479 Lambinus
941 2457 984 2488 29
1008 2457 1190 2487 numquam
1207 2448 1315 2488 vulg-z
1340 2456 1489 2487 unquam
1512 2445 1543 2477 L
