1696 2730
706 117 942 158 ORATOR
1442 127 1494 167 52
1516 131 1577 167 174

163 228 348 269 laudibus
377 230 516 277 ferunt,
547 230 657 280 quod
685 228 814 268 verbis
846 228 985 268 solutis
1014 242 1200 268 numeros
1228 228 1400 280 primum
1429 231 1495 269 ad-

164 294 344 334 iunxerit.
401 295 505 334 Cum
528 294 634 333 enim
654 294 805 334 videret
824 301 998 333 oratores
1018 307 1110 333 cum
1130 294 1336 333 severitate
1355 294 1492 342 audiri,

164 366 301 410 poetas
327 366 460 397 autem
486 372 579 398 cum
598 360 812 410 voluptate,
837 366 922 398 tum
942 358 1085 398 dicitur
1110 372 1296 398 numeros
1323 367 1492 406 secutus,

163 423 308 474 quibus
337 423 456 463 etiam
485 423 525 462 in
554 423 732 464 oratione
759 432 947 473 uteretur,
972 437 1064 463 curn
1092 423 1348 463 iucunditatis
1377 438 1496 463 causa

165 496 249 527 tum
286 496 330 527 ut
366 488 531 528 varietas
567 497 788 528 occurreret
817 488 997 528 satietati.
1067 490 1189 539 Quod
1226 489 1278 528 ab
1311 489 1367 528 eis
1404 503 1495 529 vere
1515 502 1576 536 175

163 555 337 604 quadam
371 568 418 593 ex
450 561 570 604 parte,
598 568 681 594 non
711 562 838 594 totum
867 554 1020 594 dicitur.
1084 555 1190 593 Nam
1224 554 1424 594 neminem
1454 554 1495 593 in

164 632 214 658 eo
235 632 378 670 genere
406 618 593 658 scientius
612 627 810 659 versatum
830 621 1006 659 Isocrate
1034 621 1307 659 confitendum
1334 627 1403 667 est,
1426 621 1497 659 sed

164 683 347 735 princeps
378 684 607 724 inveniendi
635 685 708 724 fuit
727 680 1058 735 Thrasymachus,
1081 684 1193 724 cuius
1219 684 1355 724 omnia
1380 684 1497 723 nimis

165 749 284 788 etiam
311 758 463 789 exstant
488 750 631 801 scripta
657 764 877 790 numerose.
936 752 1057 799 Nam,
1076 757 1120 789 ut
1139 751 1258 800 paulo
1283 758 1376 789 ante
1404 749 1496 797 dixi,

107 829 150 852 10
167 814 275 865 paria
307 815 466 866 paribus
498 815 687 855 adiuncta
723 824 763 856 et
795 815 972 855 similiter
1004 815 1169 855 definita
1201 815 1376 866 itemque
1407 829 1499 854 con-

165 880 290 919 trariis
321 882 442 919 relata
471 881 676 929 contraria,
706 895 808 932 quae
842 895 912 920 sua
942 888 1094 932 sponte,
1123 880 1243 920 etiam
1276 880 1308 920 si
1341 880 1383 920 id
1415 894 1497 920 non

164 958 271 995 agas,
291 948 439 985 cadunt
459 948 693 997 plerumque
714 960 937 996 numerose,
957 946 1123 997 Gorgias
1142 946 1314 997 primurn
1334 946 1495 992 invenit,

165 1011 237 1049 sed
270 1010 326 1049 eis
360 1018 419 1049 est
447 1024 541 1049 usus
570 1010 879 1062 intemperatius.
943 1012 992 1050 Id
1025 1018 1159 1050 autem
1197 1019 1256 1050 est
1288 1024 1424 1061 genus,
1455 1018 1499 1049 ut

165 1082 257 1113 ante
286 1074 437 1114 dictum
471 1083 540 1123 est,
565 1089 613 1114 ex
638 1075 762 1114 tribus
795 1076 971 1127 partibus
1004 1075 1291 1115 conlocationis
1319 1077 1496 1114 alterum.

109 1152 148 1187 ¹5
168 1141 326 1179 Horum
365 1148 531 1191 uterque
569 1142 785 1180 Isocratem
827 1148 956 1180 aetate
993 1140 1215 1192 praecurrit,
1247 1148 1291 1179 ut
1328 1154 1396 1180 eos
1434 1140 1500 1180 ille
1521 1138 1582 1180 176

166 1205 449 1252 moderatione,
472 1219 554 1244 non
574 1205 803 1245 inventione
822 1205 968 1245 vicerit.
1026 1207 1099 1244 Est
1118 1205 1239 1255 enim,
1258 1213 1302 1245 ut
1321 1205 1361 1244 in
1381 1213 1502 1245 trans-

166 1269 337 1310 ferendis
358 1270 629 1321 faciendisque
648 1271 777 1310 verbis
797 1270 1043 1322 tranquillior
1062 1271 1117 1310 sic
1137 1271 1178 1309 in
1204 1271 1298 1322 ipsis
1327 1271 1501 1310 numeris

167 1335 348 1375 sedatior.
408 1336 573 1387 Gorgias
606 1341 739 1376 autem
778 1336 930 1376 avidior
967 1343 1026 1376 est
1058 1336 1211 1387 generis
1250 1336 1334 1375 eius
1367 1343 1407 1375 et
1439 1335 1500 1374 his

166 1400 555 1440 festivitatibus—sic
587 1401 694 1440 enim
727 1401 812 1452 ipse
845 1401 1270 1441 censet—insolentius
1302 1400 1477 1440 abutitur
1491 1416 1501 1449 ;

109 1482 150 1505 20
169 1479 267 1516 quas
298 1467 492 1506 Isocrates
521 1474 666 1515 tamen,
689 1480 781 1506 cum
810 1466 1026 1506 audivisset
1053 1467 1288 1506 adulescens
1317 1466 1358 1504 in
1378 1468 1502 1505 Thes-

168 1531 264 1570 salia
296 1545 432 1570 senem
466 1531 544 1570 iam
579 1531 777 1582 Gorgiam,
809 1531 1050 1571 moderatius
1088 1531 1331 1582 temperavit.
1390 1531 1500 1581 Quin

167 1595 286 1635 etiam
320 1609 361 1635 se
394 1595 478 1647 ipse
509 1603 663 1635 tantum
695 1603 888 1646 quantum
922 1603 1051 1635 aetate
1078 1596 1501 1647 procedebat—prope

167 1660 274 1700 enim
302 1669 463 1700 centurn
491 1661 662 1700 confecit
681 1661 1063 1700 annos—relaxabat
1082 1674 1106 1699 a
1125 1660 1248 1699 nimia
1266 1661 1501 1700 necessitate

167 1739 436 1774 numerorum,
456 1727 566 1776 quod
588 1727 762 1765 declarat
788 1725 828 1764 in
855 1740 904 1765 eo
930 1725 1030 1764 libro
1054 1739 1174 1776 quem
1199 1727 1251 1764 ad
1272 1725 1500 1777 Philippum

109 1806 149 1838 ²5
169 1792 437 1830 Macedonem
467 1790 632 1842 scripsit,
663 1804 754 1830 cum
789 1790 867 1830 iam
898 1792 1118 1830 admodum
1148 1798 1251 1830 esset
1279 1804 1422 1840 senex‚·
1459 1791 1500 1830 in

167 1869 248 1907 quo
264 1855 360 1895 dicit
380 1870 465 1895 sese
486 1855 616 1895 minus
636 1855 714 1894 iam
734 1855 877 1895 servire
896 1855 1070 1894 numeris
1086 1869 1206 1906 quam
1227 1855 1364 1895 solitus
1384 1864 1497 1896 esset.

168 1923 231 1960 Ita
250 1934 331 1960 non
355 1922 475 1961 modo
495 1921 715 1972 superiores
735 1922 806 1960 sed
826 1921 945 1960 etiam
965 1933 1007 1960 se
1026 1920 1111 1971 ipse
1131 1929 1358 1960 correxerat.

221 1986 423 2036 Quoniam
459 1986 574 2037 igitur
607 1987 801 2026 habemus
833 1993 949 2037 aptae
982 1985 1170 2025 orationis
1204 1999 1272 2025 eos
1302 1985 1500 2037 principes
1518 1977 1570 2015 53

166 2059 428 2102 auctoresque
449 2065 549 2102 quos
575 2051 746 2090 diximus
772 2058 812 2090 et
836 2050 945 2102 origo
970 2050 1131 2090 inventa
1153 2058 1223 2098 est,
1245 2064 1364 2090 causa
1384 2065 1500 2102 quae·
1522 2037 1582 2070 ¹⁷7

109 2133 150 2164 30
167 2124 282 2155 ratur.
342 2117 456 2166 Quae
482 2116 538 2156 sic
563 2124 699 2167 aperta
724 2124 797 2165 est,
815 2123 859 2155 ut
879 2115 995 2155 mirer
1014 2123 1165 2155 veteres
1187 2129 1270 2155 non
1289 2129 1376 2156 esse
1395 2130 1501 2156 com·

211 2230 231 2261 3
256 2225 325 2252 tum
352 2221 419 2252 AL
446 2221 515 2252 secl.
544 2220 712 2253 Eussner:
745 2221 812 2252 iam
836 2220 981 2262 Stangl:
1012 2221 1115 2252 etiam
1142 2219 1331 2262 Stegmann
1480 2232 1500 2260 4

169 2268 322 2296 uteretur
337 2264 370 2294 A
388 2276 396 2296 ι
420 2270 593 2296 uteremur
608 2263 638 2295 L
781 2275 803 2304 9
826 2264 952 2304 scripta
967 2262 1034 2295 AL
1051 2275 1059 2295 z
1082 2268 1210 2295 structa
1225 2264 1317 2295 Bake
1462 2274 1497 2296 11

168 2307 202 2339 id
218 2307 253 2339 A
270 2319 278 2340 :
302 2308 390 2339 idem
409 2308 438 2338 L
570 2318 615 2339 20
637 2313 750 2340 tamen
775 2318 851 2340 cum
867 2308 901 2338 A
918 2319 926 2339 :
949 2318 1026 2339 cum
1043 2312 1157 2339 tamen
1174 2306 1204 2338 L
1221 2307 1338 2348 Rufin.
1457 2318 1500 2348 23

169 2351 342 2382 relaxabat
358 2352 506 2392 Kayser:
529 2352 698 2383 relaxaret
715 2352 748 2382 A
768 2363 775 2383 ε
799 2352 970 2383 relaxarat
986 2350 1015 2381 L
1129 2361 1170 2393 27
1195 2355 1390 2384 correxerat
1406 2350 1474 2383 AL
1491 2364 1499 2384 :

168 2396 318 2426 correxit
334 2395 422 2427 codd.
441 2395 515 2428 dett.
648 2404 692 2435 30
715 2400 854 2428 veteres
871 2406 912 2427 ea
927 2395 1059 2436 Kayser
