1696 2730
149 137 201 178 47
225 144 286 180 157
579 131 637 169 M.
676 129 847 168 TVLLI
886 128 1197 169 CICERoms

220 255 340 293 quam
361 254 426 280 me
445 242 636 280 hercules.
696 242 789 281 Non
811 240 910 279 scire
930 239 1093 291 quidem
1117 239 1329 278 barbarum
1355 238 1434 278 iam
1453 238 1560 279 vide-

219 314 293 355 tur,
314 306 465 346 nescire
491 307 657 346 dulcius.
717 308 854 358 Ipsum
885 305 1091 345 meridiem
1118 319 1187 344 cur
1210 318 1292 344 non
1313 303 1559 344 medidiem?

139 381 201 423 158
222 374 366 421 Credo,
388 374 498 423 quod
524 380 606 412 erat
631 371 843 411 insuavius.
901 373 1018 412 †Vna
1039 370 1280 422 praepositio
1306 377 1366 409 est
1384 371 1434 418 af,
1455 383 1558 421 quae

220 452 328 477 nunc
361 446 516 477 tantum
549 438 589 476 in
622 437 777 488 accepti
809 436 953 476 tabulis
987 443 1122 475 manet
1149 449 1196 474 ac
1225 449 1276 475 ne
1304 435 1365 474 his
1394 435 1558 486 quidem

221 504 412 552 omnium,
453 504 494 542 in
531 503 685 554 reliquo
723 516 906 542 sermone
951 509 1102 540 mutata
1145 509 1232 549 est;
1277 514 1371 540 nam
1408 500 1595 546 amovit5

221 569 391 609 dicimus
418 577 456 609 et
481 569 614 620 abegit
639 576 678 608 et
706 567 879 616 abstulit,
901 567 1042 607 utiam
1069 566 1222 606 nescias
1248 568 1334 606 a'ne
1353 580 1488 605 verum
1509 566 1559 606 sit

220 649 270 674 an
300 636 352 675 ab
381 649 431 673 an
460 635 542 674 abs.
602 632 713 684 Quid
747 633 779 673 si
807 633 926 672 etiam
955 634 1107 684 abfugit
1135 641 1248 684 turpe
1274 632 1403 672 visum
1431 639 1491 671 est
1519 639 1558 671 et

220 702 331 740 abfer
363 702 588 749 noluerunt,
621 700 778 750 aufugit
803 705 841 737 et
874 701 983 738 aufer
1021 700 1275 738 maluerunt?
1317 711 1420 749 quae
1451 710 1560 749 prae-

220 766 367 818 positio
390 774 543 817 praeter
571 767 670 805 haec
696 766 778 804 duo
797 766 917 804 verba
945 766 1056 804 nullo
1084 765 1162 804 alio
1187 764 1228 803 in
1248 764 1370 803 verbo
1394 763 1560 815 reperie-

221 840 294 871 tur.
354 832 451 871 Noti
479 839 589 870 erant
619 838 657 870 et
685 830 776 870 navi
805 837 844 870 et
872 830 967 878 nari,
998 830 1144 881 quibus
1172 843 1264 870 cum
1294 842 1340 868 ΙΝ
1367 829 1559 881 praeponi
1580 835 1619 870 τό
1658 836 1660 838 ’

222 905 431 948 oporteret,
453 896 608 936 dulcius
629 896 756 935 visum
780 903 838 935 est
868 896 1036 946 ignotos,
1057 896 1232 947 ignavos,
1252 895 1409 946 ignaros
1428 895 1560 935 dicere

222 977 342 1014 quam
363 970 406 1001 ut
425 962 567 1001 veritas
586 962 823 1013 postulabat.
884 963 944 1000 Ex
967 975 1041 1000 usu
1067 961 1206 1000 dicunt
1226 969 1264 1000 et
1285 974 1306 1000 e
1326 975 1366 1000 re
1385 961 1558 1012 publiea,

222 1030 332 1079 quod
356 1028 397 1067 in
425 1030 548 1067 altero
577 1027 724 1067 vocalis
752 1026 1047 1077 excipiebat,·in
1075 1028 1199 1067 altero
1228 1033 1332 1066 esset
1358 1026 1558 1078 asperitas,

222 1094 297 1133 nisi
326 1094 495 1133 litteram
524 1093 759 1141 sustulisses,
790 1101 834 1132 ut
864 1093 1002 1145 exegit,
1035 1093 1181 1142 edixit,
1222 1092 1369 1140 refecit,
1398 1091 1560 1140 rettulit,

222 1159 421 1200 reddidit:
450 1159 628 1199 adiuncti
656 1159 766 1199 verbi
793 1159 921 1210 prima
948 1158 1076 1198 littera
1100 1157 1436 1209 praepositionem
1455 1171 1561 1197 eom—
1580 1172 1617 1206 15

223 1225 403 1274 mutavit,
422 1233 466 1264 ut
485 1225 651 1276 subegit,
673 1225 902 1273 summovit,
921 1224 1088 1264 sustulit.

150 1268 206 1317 48
279 1291 389 1341 Quid
415 1291 456 1329 in
481 1290 610 1330 verbis
639 1290 813 1330 iunctis?
850 1304 970 1341 quam
994 1290 1090 1329 scite
1118 1289 1371 1340 insipientem
1397 1302 1479 1328 non
1506 1288 1561 1328 in-

143 1339 205 1372 159
223 1356 455 1408 sapientem,
489 1356 670 1407 iniquum
708 1370 790 1395 non
821 1355 1048 1407 inaequum,
1083 1355 1294 1406 tricipitem
1331 1369 1415 1394 non
1452 1354 1562 1394 trica-

222 1422 357 1474 pitem‚
376 1422 581 1462 concisum
601 1436 683 1461 non
702 1435 942 1461 concaesum
959 1425 966 1460 l
1006 1423 1066 1460 Ex
1085 1435 1166 1472 quo
1187 1420 1350 1472 quidam
1369 1420 1560 1471 pertisum

223 1488 342 1527 etiam
362 1489 511 1535 volunt,
534 1489 644 1538 quod
660 1488 804 1536 eadem
824 1488 1075 1527 consuetudo
1098 1501 1179 1526 non
1199 1485 1391 1537 probavit.
1450 1485 1560 1536 Quid
1580 1498 1620 1521 ²0

222 1567 316 1594 vero
353 1555 431 1593 hoc
469 1553 696 1604 elegantius,
737 1554 847 1604 quod
884 1567 967 1592 non
1005 1554 1048 1592 fit
1086 1560 1235 1600 natura,
1275 1553 1347 1591 sed
1383 1552 1560 1602 quodam

223 1619 434 1658 instituto?
490 1620 685 1658 Indoctus
718 1618 888 1658 dicimus
925 1618 1034 1658 brevi
1071 1617 1196 1669 prima
1227 1617 1365 1665 littera,
1398 1616 1563 1656 insanus

224 1687 429 1736 producta,
464 1684 706 1724 inhumanus
736 1684 855 1732 brevi,
886 1684 1020 1723 infelix
1052 1686 1180 1735 longa.
1240 1685 1302 1732 Et,
1334 1697 1386 1722 ne
1414 1682 1558 1731 multis,

226 1751 370 1802 quibus
396 1750 437 1789 in
457 1750 586 1790 verbis
615 1764 685 1790 eae
713 1750 863 1801 primae
890 1750 1042 1790 litterae
1070 1757 1162 1789 sunt
1187 1762 1289 1801 quae
1317 1748 1358 1788 in
1384 1748 1562 1800 sapiente

273 1866 286 1886 1
312 1857 447 1887 videtur
463 1855 491 1885 L
509 1867 516 1887 :
539 1856 697 1887 videatur
712 1855 746 1886 A
902 1865 922 1895 3
947 1855 1130 1887 insuavius.
1177 1866 1246 1886 una
1261 1854 1328 1886 AL
1345 1866 1352 1886 :
1376 1854 1560 1887 insuavius.

226 1901 356 1931 absona
378 1900 574 1931 Hellmulh:
598 1900 780 1931 insuavius.
826 1899 1063 1931 insuavissima
1082 1900 1179 1938 Jahn
1321 1898 1360 1930 af
1375 1898 1562 1940 Stegmann

226 1955 266 1974 ex
285 1942 369 1974 Velio
385 1944 503 1984 Longo
520 1954 552 1983 p.
570 1954 657 1983 2224
674 1955 682 1975 ε
704 1944 746 1974 ab
763 1943 796 1973 A
815 1954 822 1974 :
846 1953 887 1974 ea
903 1942 1016 1975 FPO:
1040 1944 1102 1975 abs
1118 1954 1226 1983 eaque
1245 1942 1431 1974 Lambinus
1541 1952 1561 1981 4

227 1998 266 2019 ac
290 1998 333 2019 ne
357 1987 410 2018 his
433 1988 583 2019 Ernesti:
608 1988 728 2019 aeneis
742 1987 776 2017 A
794 1998 800 2018 :
826 1998 871 2018 ne
890 1987 944 2018 his
964 1986 992 2017 L
1169 1989 1191 2018 6
1213 1986 1289 2018 a'ne
1304 1986 1448 2018 Schdtz:
1471 1996 1562 2017 anne

226 2031 294 2061 AL
479 2043 496 2072 7
521 2032 563 2062 ab
579 2043 622 2062 an
640 2032 699 2063 abs
716 2031 862 2062 Sclnitz:
886 2031 977 2062 absis
992 2030 1026 2061 A
1045 2042 1053 2062 ι
1076 2031 1135 2063 abs
1151 2030 1181 2061 L
1291 2030 1423 2070 abfugit
1441 2029 1564 2061 Gellius

229 2076 298 2115 (xv.
318 2084 351 2114 3,
369 2073 403 2113 2)
419 2086 426 2106 ε
450 2075 554 2114 afugit
568 2075 653 2107 FO:
678 2075 798 2115 affugit
813 2073 907 2106 PM:
930 2075 1035 2114 afugit
1055 2076 1145 2115 quod
1165 2074 1250 2114 fugit
1265 2074 1312 2114 A,
1331 2073 1419 2105 unde
1431 2073 1563 2113 aufugit

227 2120 319 2159 quod
335 2119 464 2158 abfugit
481 2119 669 2160 Heerdegen
757 2124 857 2159 turpe
882 2118 910 2149 L
928 2130 936 2150 z
967 2118 1054 2150 forte
1078 2118 1113 2150 A
1241 2118 1262 2149 8
1285 2118 1416 2158 aufugit
1432 2122 1467 2148 et
1482 2116 1559 2149 add.

227 2161 352 2193 Schmz
367 2173 382 2193 e
401 2163 486 2194 Velio
505 2163 621 2204 Longo
694 2162 791 2194 auser
805 2162 997 2193 maluerunt
1012 2173 1078 2194 om.
1096 2162 1129 2194 A
1238 2171 1274 2193 11
1300 2161 1418 2202 ignoti,
1436 2161 1560 2201 ignavi,

227 2207 334 2246 ignari
352 2207 380 2237 L
527 2217 565 2245 14
589 2207 655 2238 nisi
679 2218 702 2237 x
727 2207 849 2237 maluit
864 2206 992 2247 Stangl
1131 2215 1170 2246 15
1194 2206 1304 2245 prima
1327 2205 1442 2237 littera
1464 2215 1560 2245 prae·

228 2250 433 2291 positionem
451 2249 681 2292 Maioragius:
707 2251 848 2290 primam
866 2250 1016 2281 litteram
1032 2249 1242 2290 praepositio
1258 2249 1326 2280 AL
1411 2251 1451 2280 16
1473 2258 1561 2280 sum·

229 2294 332 2325 movit
357 2294 405 2325 ed.
434 2298 517 2325 vet.:
548 2294 767 2325 summutavit
791 2294 876 2325 FO:
909 2294 1117 2325 submutavit
1139 2292 1230 2325 PM:
1264 2299 1335 2324 tum
1363 2292 1504 2325 mutavit
1525 2292 1558 2323 A

228 2348 269 2367 22
293 2338 450 2368 indoctus
465 2338 498 2368 A
517 2349 592 2369 cum
612 2337 732 2369 Gellio:
757 2338 914 2369 inductus
930 2337 1025 2369 F0¹:
1051 2337 1186 2368 inclitus
1206 2335 1365 2367 O2P2M²
1519 2345 1562 2375 23

228 2381 435 2412 inhumanus
451 2381 561 2412 F0P1
579 2394 587 2413 z
610 2382 777 2422 insipiens
791 2381 826 2412 in
844 2392 953 2422 marg.
973 2379 1024 2412 Ρ2
1040 2392 1047 2412 :
1070 2381 1210 2412 insanus
1226 2381 1258 2412 A
1276 2392 1284 2412 :
1315 2380 1463 2412 inmanis
1479 2379 1559 2412 Luc.

229 2423 354 2456 Muller
436 2435 478 2464 24
501 2426 659 2466 sapiente
675 2425 741 2456 AL
756 2437 764 2457 t
788 2436 872 2457 sano
887 2425 978 2456 Bake
992 2424 1058 2456 cod.
1078 2424 1148 2456 Erl.
1170 2445 1172 2447 -
