1696 2730
675 149 913 189 ORATOR
947 159 949 162 ’
1401 144 1456 183 68
1475 149 1540 181 228

122 261 303 302 videmus
331 261 429 300 nihil
451 273 525 300 nec
553 259 716 299 vitando
743 260 872 298 facere
900 265 1015 297 caute
1044 271 1119 296 nec
1147 256 1322 307 petendo
1347 256 1462 294 vehe-

124 334 287 375 menter,
308 326 347 365 in
369 339 450 377 quo
474 339 557 365 non
583 332 716 365 motus
734 324 801 363 hic
825 323 971 362 habeat
990 324 1225 374 palaestram
1245 321 1458 371 quandam,

123 400 168 432 ut
195 391 386 443 quicquid
413 391 454 430 in
482 390 544 430 his
572 390 689 430 rebus
718 391 786 429 fiat
813 388 959 428 utiliter
985 389 1037 427 ad
1066 399 1240 439 pugnam
1270 385 1379 425 idem
1409 386 1462 424 ad

123 465 329 509 aspectum
350 456 469 496 etiam
489 455 538 495 sit
557 463 780 503 venustum,
802 454 858 494 sic
885 461 1016 493 orator
1034 466 1109 492 nec
1129 454 1283 503 plagam
1305 464 1461 501 gravem

87 535 105 567 5
124 522 228 570 facit,
250 521 325 561 nisi
344 521 482 573 petitio
502 520 575 560 fuit
594 528 696 572 apta,
718 533 793 559 nec
813 519 906 558 satis
932 526 1036 559 tecte
1062 517 1235 557 declinat
1254 516 1459 567 impetum,

123 587 199 627 nisi
218 587 336 627 etiam
356 586 397 625 in
417 587 600 626 cedendo
647 585 717 625 uid
743 586 883 624 deceat
908 583 1110 634 intellegit.
1169 584 1310 632 Itaque
1336 580 1462 632 qualis

124 666 263 693 eorum
282 660 414 692 motus
437 664 538 702 quos
565 633 844 702 dvaXae‘m-povs
867 649 1009 690 Graeci
1027 654 1182 695 vocant,
1203 646 1291 686 talis
1320 647 1462 685 horum

125 717 223 757 mihi
254 717 409 757 videtur
437 716 561 756 oratio
591 716 660 767 qui
688 729 772 755 non
799 717 991 755 claudunt
1023 712 1197 753 numeris
1235 712 1460 758 sententias,

125 791 360 834 tantumque
397 782 510 821 abest
546 782 755 832 ut—quod
793 780 830 820 ei
867 779 935 831 qui
971 781 1050 819 hoc
1082 786 1151 817 aut
1188 777 1463 828 magistrorum

41 866 46 870 ·
70 866 108 889 10
125 848 261 899 inopia
287 855 355 887 aut
378 846 511 898 ingeni
539 846 721 886 tarditate
746 853 814 885 aut
839 844 984 885 laboris
1011 846 1103 895 fuga
1129 856 1212 882 non
1237 850 1329 881 sunt
1354 843 1464 881 adse-

126 912 207 952 cuti
226 914 355 951 solent
374 911 768 951 dicere—enervetur
787 910 911 950 oratio
931 908 1221 960 compositione
1239 908 1462 954 verborum,

126 986 170 1017 ut
194 977 305 1017 aliter
327 977 368 1016 in
397 991 443 1017 ea
470 991 545 1017 nec
570 976 742 1028 impetus
765 978 868 1015 ullus
896 989 971 1015 nec
996 975 1053 1014 vis
1076 988 1163 1014 esse
1191 973 1327 1024 possit.
1385 973 1464 1012 Sed

126 1056 310 1094 magnam
348 1042 667 1082 exercitationem
704 1055 765 1081 res
802 1041 963 1092 flagitat,
999 1054 1050 1080 ne
1087 1039 1185 1090 quid
1222 1052 1359 1078 eorum
1397 1037 1466 1088 qui

126 1121 251 1159 genus
281 1110 359 1147 hoc
390 1108 515 1147 secuti
544 1122 626 1148 non
664 1115 875 1147 tenuerunt
912 1105 1039 1145 simile
1075 1104 1276 1152 faciamus,
1309 1118 1360 1143 ne
1397 1111 1466 1142 aut

73 1191 110 1224 ¹5
126 1175 247 1214 verba
265 1173 489 1215 traiciamus
508 1180 652 1224 aperte,
675 1186 756 1223 quo
785 1172 925 1211 melius
953 1179 1022 1210 aut
1049 1172 1166 1210 cadat
1193 1177 1261 1209 aut
1288 1171 1466 1208 volvatur

128 1239 279 1288 orati03
318 1240 428 1290 quod
458 1252 500 1278 se
531 1240 575 1278 L.
611 1238 769 1279 Caelius
806 1237 1015 1288 Antipater
1051 1236 1093 1275 in
1130 1234 1335 1287 prooemio
1374 1234 1467 1273 belli

129 1304 270 1344 Punici
289 1304 364 1344 nisi
384 1304 606 1344 necessario
631 1305 826 1343 facturum
851 1310 979 1353 negat.
1038 1302 1075 1341 Ο
1095 1301 1221 1340 virum
1245 1300 1466 1351 simplicem

130 1370 199 1422 qui
228 1383 302 1410 nos
335 1369 434 1408 nihil
466 1371 579 1418 celet,
610 1369 829 1420 sapientem
858 1367 927 1419 qui
960 1366 1211 1407 serviendum
1242 1365 1467 1405 necessitati

9 1483 16 1494 Ἴ,
130 1438 265 1487 putet!
322 1436 402 1475 Sed
430 1435 495 1474 hic
524 1434 689 1474 omnino
717 1433 825 1473 rudis
839 1448 850 1482 3
878 1433 995 1472 nobis
1023 1440 1156 1471 autem
1186 1431 1226 1470 in
1255 1430 1467 1470 scribendo

73 1521 114 1542 20
130 1509 250 1552 atque
269 1500 310 1540 in
329 1501 503 1540 dicendo
526 1499 770 1540 necessitatis
796 1498 996 1538 excusatio
1022 1511 1104 1537 non
1127 1497 1315 1548 probatur
1331 1511 1341 1545 3
1370 1495 1468 1534 nihil

15 1558 21 1571 '⁴
131 1574 191 1606 est
219 1566 326 1606 enim
355 1579 518 1605 necesse
546 1574 598 1615 et,
624 1565 656 1605 si
685 1565 783 1616 quid
811 1572 925 1612 esset,
955 1564 997 1603 id
1025 1576 1187 1602 necesse
1218 1570 1352 1601 tamen
1386 1575 1467 1600 non

130 1639 212 1671 erat
232 1631 420 1671 confiteri.
480 1633 531 1670 Et
549 1631 615 1670 hic
634 1630 808 1681 quidem,
831 1630 900 1681 qui
922 1631 1026 1668 hanc
1051 1642 1075 1668 a
1100 1628 1250 1677 Laelio,
1269 1629 1321 1666 ad
1347 1641 1467 1678 quem

130 1697 297 1748 scripsit,
316 1697 380 1736 cui
400 1710 442 1736 se
464 1704 614 1748 purgat,
635 1695 792 1735 veniam
820 1695 929 1746 petit,
952 1702 991 1734 et
1016 1694 1137 1733 utitur
1165 1707 1212 1732 ea
1239 1692 1469 1732 traiectione

35 1818 39 1819 ⁷
130 1763 340 1802 verborum
369 1769 408 1801 et
435 1761 560 1800 nihilo
589 1768 723 1800 tamen
751 1760 880 1812 aptius
911 1761 1042 1810 explet
1073 1758 1357 1809 concluditque
1386 1771 1470 1796 sen-

74 1844 113 1876 ²5
131 1827 284 1867 tentias.
342 1829 465 1878 Apud
495 1827 593 1866 alios
630 1834 763 1866 autem
797 1833 837 1865 et
870 1825 1066 1864 Asiaticos
1100 1823 1270 1863 maxime
1302 1837 1469 1862 numero

131 1893 344 1933 servientes
381 1893 579 1932 inculcata
607 1891 777 1943 reperias
810 1891 943 1930 inania
973 1891 1170 1942 quaedam
1200 1890 1320 1928 verba
1357 1889 1469 1940 quasi

131 1961 426 2010 complementa
444 1972 710 1998 numerorum.
769 1958 869 1997 Sunt
897 1956 1015 1996 etiam
1045 1954 1114 2006 qui
1141 1954 1208 1994 illo
1231 1954 1337 2003 vitio,
1360 1956 1470 2005 quod

132 2024 184 2064 ab
227 2023 402 2075 Hegesia
449 2023 619 2063 maxime
664 2022 785 2071 fluxit,
825 2021 1084 2073 infringendis
1130 2019 1471 2070 concidendisque

133 2089 307 2129 numeris
326 2089 366 2128 in
388 2090 593 2140 quoddam
613 2102 737 2140 genus
763 2087 962 2127 abiectum
989 2086 1168 2126 incidant
1189 2085 1470 2126 versiculorum

76 2171 117 2203 30
134 2154 388 2194 simillimum.
446 2154 625 2193 Tertium
645 2162 714 2202 est,
737 2153 777 2192 in
804 2166 885 2204 quo
904 2154 1063 2192 fuerunt
1090 2153 1225 2191 fratres
1254 2150 1309 2190 illi
1333 2149 1473 2189 Asiati-

178 2270 198 2299 4
221 2263 338 2290 orator
353 2257 464 2290 Bake:
487 2258 596 2290 oratio
613 2257 643 2289 L
742 2268 762 2297 5
786 2261 876 2288 tecte
891 2255 959 2288 edd.
977 2259 1046 2288 vett.
1066 2267 1074 2288 t
1098 2256 1179 2287 tecti
1195 2253 1225 2285 L
1241 2267 1248 2287 :
1272 2260 1366 2286 recte
1382 2256 1470 2296 vulg.

136 2302 192 2342 (ex
206 2302 320 2343 Quint.
340 2302 385 2333 ix.
402 2312 433 2342 3.
452 2303 490 2341 8)
659 2313 681 2342 9
704 2306 740 2332 ut
756 2300 955 2332 Manutius:
980 2310 1024 2331 ne
1039 2299 1069 2330 L
1219 2300 1250 2330 ei
1267 2299 1355 2330 codd.
1373 2298 1445 2331 dett.
1465 2310 1473 2329 ι

135 2346 170 2378 hi
185 2345 216 2376 L
356 2355 393 2385 14
418 2357 460 2377 ne
476 2350 534 2376 aut
549 2343 580 2376 L
597 2357 605 2378 ε
628 2350 666 2377 ut
681 2345 860 2376 Manutius
1033 2345 1072 2375 18
1096 2343 1184 2374 celet
1199 2343 1288 2384 vulg.
1307 2354 1314 2374 :
1338 2342 1427 2374 celat
1444 2342 1472 2373 L

134 2400 241 2430 22-23
265 2390 306 2421 ad
322 2399 423 2430 quem
439 2389 576 2430 scripsit
591 2390 659 2422 secl.
679 2389 804 2422 §chatz
1002 2397 1046 2427 23
1068 2388 1121 2418 cui
1138 2397 1175 2419 se
1199 2391 1322 2428 purgat
1337 2386 1474 2417 Hcerde-

130 2433 228 2475 genio
249 2433 441 2475 interpolata
463 2432 619 2465 videntur
738 2443 782 2474 29
803 2430 1043 2464 versiculorum
1056 2430 1177 2470 jahn:
1200 2431 1384 2463 siculorum
1400 2429 1430 2460 L

1482 598 1547 633 229

1483 973 1542 1020 69

1485 1253 1549 1286 230

1493 2161 1553 2192 ²31
