1696 2730
159 156 262 196 1559
582 148 638 186 M.
678 147 850 186 TVLLI
889 147 1199 188 CICERONIS

220 271 364 308 genera
393 257 519 306 divisi,
551 257 606 297 sic
635 257 755 297 etiam
784 257 1039 298 efficientium
1068 258 1193 298 dividi
1221 265 1399 310 possunt.
1457 261 1558 300 Sunt

221 323 329 363 enim
356 323 455 363 aliae
485 337 628 363 causae
654 337 756 375 quae
786 325 903 374 plane
929 324 1101 364 efficiant
1126 327 1235 364 nulla
1263 339 1304 364 re
1329 325 1556 374 adiuvante,

221 389 321 429 aliae
354 403 457 440 quae
490 389 667 429 adiuvari
704 389 838 438 velint,
874 397 940 429 ut:
979 390 1181 441 Sapientia
1213 390 1333 430 efficit
1370 390 1558 442 sapientis

222 457 307 495 sola
325 469 395 506 per
414 469 456 495 se
471 470 482 504 3
509 455 648 494 beatos
669 455 811 494 efficiat
831 448 958 495 necne
977 457 1063 495 sola
1087 470 1156 507 per
1179 470 1265 496 sese
1285 456 1466 507 quaestio
1485 464 1556 496 est.

161 523 203 557 60
223 522 315 571 Qua
329 535 370 560 re
390 534 482 560 cum
498 520 538 559 in
555 520 868 572 disputationem
883 521 1066 561 inciderit
1081 535 1200 561 causa
1215 521 1388 562 efficiens
1407 522 1559 573 aliquid
1578 532 1596 566 5

155 651 202 689 16

161 1047 199 1081 61

161 1570 202 1603 62

221 586 458 636 necessario,
497 587 582 625 sine
620 586 870 626 dubitatione
908 586 1043 626 licebit
1081 588 1191 638 quod
1225 587 1391 627 efficitur
1422 588 1474 627 ab
1511 602 1559 628 ea

222 666 340 691 causa
373 653 623 692 concludere.
684 653 788 692 Cum
822 660 955 691 autern
989 652 1061 692 erit
1094 653 1181 692 talis
1210 667 1339 701 causa,
1370 661 1414 693 ut
1442 653 1484 693 in
1512 668 1560 694 ea

220 732 303 757 non
333 718 382 757 sit
410 718 607 758 efficiendi
642 718 867 766 necessitas,
899 719 1119 758 necessaria
1147 719 1352 758 conclusio
1386 733 1469 759 non
1502 733 1561 759 se-

221 783 364 835 quitur.
423 786 557 835 Atque
588 784 687 823 illud
713 784 877 835 quidem
907 798 1031 835 genus
1058 798 1265 824 causarum
1293 786 1403 836 quod
1437 786 1559 825 habet

220 849 300 888 vim
328 849 525 889 efficiendi
551 850 814 889 necessariam
842 863 1012 889 errorem
1038 851 1191 889 adferre
1219 864 1302 890 non
1328 852 1408 890 fere
1434 852 1535 891 solet
1549 866 1560 900 3
1580 870 1620 893 10

221 916 299 954 hoc
327 923 461 954 autem
491 914 576 955 sine
611 929 691 966 quo
720 929 803 954 non
837 914 1003 954 efficitur
1033 929 1151 967 saepe
1181 916 1403 955 conturbat.
1462 918 1558 956 Non

222 980 340 1028 enim,
364 980 396 1019 si
417 980 501 1020 sine
518 980 757 1031 ‘parentibus
778 980 847 1019 filii
874 995 960 1020 esse
979 995 1061 1020 non
1087 989 1265 1032 possunt,
1291 989 1499 1033 propterea
1517 981 1559 1022 in

222 1046 453 1098 parentibus
477 1060 596 1085 causa
615 1046 688 1085 fuit
706 1046 895 1098 gignendi
921 1047 1151 1087 necessaria.
1212 1049 1307 1087 Hoc
1330 1048 1446 1099 igitur
1473 1048 1559 1088 sine

222 1126 303 1163 quo
323 1126 406 1151 non
426 1113 479 1159 fit,
497 1112 549 1151 ab
569 1125 618 1151 eo
634 1111 674 1150 in
690 1125 771 1163 quo
790 1120 896 1152 certe
916 1113 959 1151 fit
975 1112 1182 1164 diligenter
1201 1121 1261 1153 est
1279 1114 1556 1165 separandum.

222 1179 329 1217 Illud
350 1177 455 1217 enim
478 1185 537 1217 est
556 1185 761 1228 tamquam
1579 1189 1618 1223 15

506 1240 656 1279 utinam
686 1255 737 1280 ne
766 1240 808 1279 in
836 1255 999 1281 nemore
1028 1241 1206 1281 Pelio-

222 1306 310 1345 Nisi
331 1305 438 1345 enim
458 1306 717 1345 ‘accidissent
737 1306 930 1357 abiegnae
949 1308 1001 1347 ad
1028 1315 1170 1347 terram
1192 1308 1347 1356 trabes‚'
1367 1310 1474 1359 Argo
1494 1307 1561 1348 illa

220 1373 324 1411 facta
357 1386 439 1411 non
474 1379 587 1419 esset,
619 1386 694 1411 nec
724 1379 858 1411 tamen
892 1372 965 1412 fuit
994 1373 1032 1412 in
1063 1373 1124 1412 his
1153 1373 1332 1412 trabibus
1361 1373 1560 1413 efficiendi

221 1437 279 1476 vis
317 1437 548 1477 necessaria.
621 1439 676 1476 At
713 1452 805 1478 curn
847 1438 889 1476 in
926 1438 1060 1478 Aiacis
1104 1439 1237 1478 navim
1282 1438 1559 1490 crispisulcans

222 1502 382 1554 igneum
409 1504 560 1542 fulmen
587 1502 778 1543 iniectum
802 1511 871 1551 est,
893 1503 1161 1544 inflammatur
1186 1504 1296 1543 navis
1322 1503 1556 1544 necessario.
1579 1520 1621 1543 20

222 1570 356 1619 Atque
386 1568 504 1607 etiam
534 1576 593 1608 est
622 1583 829 1608 causarum
859 1569 1151 1618 dissimilitudo,
1183 1571 1293 1621 quod
1327 1569 1426 1610 aliae
1454 1577 1557 1618 sunt,

222 1641 266 1673 ut
286 1633 371 1673 sine
392 1635 472 1673 ulla
497 1634 741 1685 appetitione
766 1634 903 1684 animi,
924 1635 1009 1675 sine
1028 1637 1246 1685 voluntate,
1266 1635 1350 1675 sine
1371 1635 1560 1687 opinione

222 1713 339 1738 suum
360 1699 472 1750 quasi
499 1713 599 1750 opus
628 1700 811 1748 efficiant,
832 1702 894 1740 vel
914 1708 957 1740 ut
977 1715 1097 1741 omne
1116 1701 1281 1741 intereat
1301 1702 1411 1752 quod
1430 1708 1559 1741 ortum

223 1765 272 1804 sit
287 1780 297 1814 3
339 1765 439 1804 aliae
467 1773 601 1804 autern
630 1773 699 1805 aut
727 1768 931 1806 voluntate
960 1766 1136 1806 efficiunt
1163 1775 1232 1806 aut
1264 1767 1559 1818 perturbatione

221 1830 345 1869 animi
372 1838 441 1869 aut
469 1830 608 1870 habitu
636 1838 705 1869 aut
734 1839 873 1870 natura
898 1839 966 1870 aut
991 1840 1073 1871 arte
1098 1840 1167 1871 aut
1192 1847 1310 1872 casu:
1343 1834 1558 1881 voluntate,
1579 1846 1618 1878 25

222 1904 265 1935 ut
294 1903 347 1943 tu,
380 1909 472 1934 cum
501 1897 609 1935 hunc
636 1896 815 1936 libellum
844 1897 940 1948 legis
955 1912 965 1946 3
1002 1898 1307 1948 perturbatione,
1339 1905 1382 1938 ut
1410 1898 1443 1937 si
1471 1899 1559 1949 quis

223 1969 409 2001 eventum
437 1962 579 2000 horum
607 1969 832 2013 temporum
859 1962 996 2002 timeat
1010 1978 1020 2011 3
1048 1963 1198 2011 habitu,
1221 1971 1264 2002 ut
1290 1963 1359 2015 qui
1384 1964 1499 2004 facile
1521 1971 1561 2006 et

224 2027 304 2066 cito
334 2027 511 2066 irascitur
527 2042 538 2076 3
576 2035 724 2075 natura,
757 2036 800 2068 ut
829 2028 967 2068 vitium
998 2029 1038 2068 in
1067 2029 1152 2068 dies
1182 2037 1356 2079 crescat3
1393 2037 1485 2078 arte,
1518 2037 1561 2069 ut

224 2093 328 2132 bene
348 2092 484 2144 pingat
498 2107 508 2141 3
538 2107 644 2142 casu,
666 2102 709 2133 ut
736 2107 922 2146 prospere
947 2094 1115 2146 naviget.
1175 2095 1286 2134 Nihil
1313 2097 1455 2135 horum
1475 2094 1561 2134 sine

225 2172 345 2198 causa
373 2173 447 2198 nec
474 2158 694 2210 quidquam
715 2159 881 2200 omnino
895 2175 906 2209 3
935 2161 1005 2199 sed
1031 2160 1148 2200 huius
1175 2161 1286 2200 modi
1311 2174 1453 2200 causae
1479 2174 1561 2201 non
1579 2174 1621 2207 30
1659 2204 1662 2207 ¹

163 2224 205 2267 63
226 2224 480 2263 necessariae.
541 2224 735 2264 Omnium
761 2233 894 2265 autem
922 2239 1128 2265 causarum
1158 2226 1198 2264 in
1226 2226 1311 2265 aliis
1339 2226 1442 2266 inest
1469 2240 1562 2266 con-

270 2338 307 2368 17
334 2329 539 2361 accidissent
561 2329 675 2361 AaV:
710 2331 914 2363 cecidissent
934 2330 1027 2363 codd.
1054 2331 1107 2373 (eff.
1127 2332 1169 2362 ad
1186 2330 1271 2363 Her.
1288 2331 1321 2364 ii.
1337 2341 1403 2372 343
1427 2332 1470 2363 de
1484 2332 1555 2364 Inv.

226 2373 245 2403 i.
266 2372 322 2412 91)
341 2383 348 2403 ε
381 2374 596 2406 accedissent
612 2374 791 2405 vindicavit
803 2374 978 2406 Fleckeisen
1109 2385 1151 2414 24
1176 2379 1228 2406 est
1244 2375 1370 2407 maluit
1385 2375 1563 2407 Manutius

225 2421 339 2446 autem
350 2417 419 2448 secl.
437 2416 542 2448 Orelli
626 2419 669 2449 28
694 2418 853 2450 irascitur
871 2418 935 2449 Oc:
960 2419 1126 2450 irascatur
1142 2418 1231 2450 codd.
