1696 2730
679 164 899 204 BRVTVS
1082 158 1086 161 ι
1410 175 1458 213 91
1479 173 1542 214 316

125 272 199 311 fuit
237 271 452 322 Dionysius
497 274 664 323 Magnes
677 288 688 323 3
735 281 818 313 erat
857 274 976 314 etiam
1016 276 1236 326 Aeschylus
1275 275 1455 324 Cnidius,

125 338 435 388 Adramyttenus
462 340 673 378 Xenocles.
734 339 791 378 Hi
820 347 905 379 tum
934 339 975 378 in
1001 340 1097 379 Asia
1125 342 1326 380 rhetorum
1355 341 1458 392 prin—

124 402 232 454 cipes
250 403 571 443 numerabantur.
631 404 788 454 Quibus
814 418 897 444 non
916 413 1128 445 contentus
1154 407 1345 446 Rhodum
1365 407 1456 446 veni

125 482 269 520 meque
311 470 364 508 ad
401 470 584 518 eundem,
626 483 746 521 quem
786 472 941 510 Romae
977 471 1205 511 audiveram
1247 474 1455 512 Molonem

87 546 105 578 5
124 534 318 586 applicavi
344 548 436 574 cum
465 543 640 575 actorem
667 535 707 575 in
733 536 834 576 veris
860 538 988 577 causis
1016 538 1326 589 scriptoremque
1350 553 1457 590 prae-

123 607 293 639 stantem
324 607 409 639 tum
442 600 483 639 in
513 601 699 640 notandis
728 601 1171 654 animadvertendisque
1200 604 1303 643 vitiis
1341 612 1380 644 et
1413 606 1455 644 in

123 664 368 705 instituendo
388 667 654 717 docendoque
673 667 1036 718 prudentissimum.
1088 671 1128 708 Is
1148 669 1259 708 dedit
1279 683 1451 721 operam,

123 730 155 770 si
184 732 307 770 modo
336 731 377 770 id
408 731 599 783 consequi
628 732 768 783 potuit,
798 740 842 772 ut
872 733 990 773 nimis
1015 735 1275 774 redundantis
1309 749 1382 774 nos
1415 744 1455 775 et

123 809 240 848 supra
259 797 416 836 fluentis
436 797 597 836 iuvenili
617 799 790 849 quadam
806 799 968 839 dicendi
982 799 1217 851 impunitate
1238 808 1276 840 et
1296 801 1454 840 lieentia

61 872 106 895 10
122 861 348 912 reprimeret
385 870 425 901 et
455 862 567 913 quasi
600 871 707 902 extra
736 863 839 915 ripas
872 864 1086 904 diffluentis
1124 875 1332 906 coerceret.
1393 869 1455 906 It'a

121 926 251 978 recepi
281 941 345 966 me
374 927 537 967 biennio
565 936 655 979 post
683 942 765 967 non
799 931 922 970 modo
959 930 1204 971 exercitatior
1231 933 1302 971 sed
1331 946 1454 984 prope

121 1000 306 1031 mutatus.
365 994 469 1032 Nam
495 1001 533 1032 et
560 994 764 1034 contentio
784 994 907 1034 nimia
925 995 1034 1035 vocis
1060 998 1257 1036 resederat
1282 1005 1321 1036 et
1341 998 1453 1048 quasi

120 1057 338 1096 deferverat
375 1057 500 1096 oratio
538 1058 807 1110 lateribusque
843 1059 944 1099 vires
977 1068 1016 1099 et
1050 1061 1205 1112 corpori
1243 1062 1453 1102 mediocris

120 1121 279 1161 habitus
306 1131 534 1162 accesserat.

63 1198 101 1230 15
176 1189 269 1226 Duo
289 1195 373 1226 tum
394 1189 639 1227 excellebant
659 1197 832 1228 oratores
853 1190 921 1241 qui
942 1204 1005 1230 me
1025 1191 1207 1230 imitandi
1235 1192 1452 1243 cupiditate

119 1252 338 1301 incitarent,
364 1254 483 1293 Cotta
511 1262 550 1293 et
580 1255 819 1294 Hortensius
833 1270 844 1304 3
877 1269 1046 1307 quorum
1074 1258 1172 1296 alter
1199 1258 1384 1297 remissus
1413 1266 1453 1298 et

120 1318 218 1357 lenis
238 1326 277 1358 et
296 1318 461 1369 propriis
481 1319 609 1358 verbis
634 1322 925 1372 comprendens
952 1323 1080 1361 solute
1104 1330 1143 1362 et
1165 1323 1279 1362 facile
1299 1331 1453 1363 senten-

119 1383 225 1431 tiam,
247 1385 344 1423 alter
363 1392 537 1434 ornatus,
556 1399 647 1425 acer
669 1394 708 1425 et
737 1399 819 1425 non
842 1386 929 1425 talis
949 1389 1107 1438 qualem
1128 1395 1170 1427 tu
1190 1402 1293 1437 eum,
1318 1391 1450 1438 Brute,

19 1500 22 1504 .
119 1448 197 1488 iam
230 1451 557 1490 deflorescentem
594 1451 824 1503 cognovisti,
860 1453 931 1492 sed
961 1454 1171 1492 verborum
1209 1462 1248 1493 et
1284 1454 1452 1494 actionis

24 1551 27 1553 ,
61 1528 104 1552 20
119 1527 262 1565 genere
304 1515 552 1555 commotior.
625 1518 766 1568 Itaque
803 1531 895 1556 curn
935 1518 1154 1558 Hortensio
1191 1519 1289 1558 mihi
1328 1520 1451 1571 magis

119 1579 334 1619 arbitrabar
361 1595 443 1620 rem
473 1595 569 1629 esse,
595 1584 705 1633 quod
733 1590 772 1622 et
800 1582 960 1622 dicendi
988 1585 1128 1623 ardore
1157 1599 1263 1624 eram
1292 1585 1453 1636 propior

119 1653 158 1684 et
195 1653 323 1684 aetate
361 1646 619 1686 coniunctior.
690 1647 849 1687 Etenim
878 1648 1054 1687 videram
1084 1649 1123 1687 in
1153 1649 1279 1689 isdem
1309 1651 1448 1699 causis,

118 1718 162 1749 ut
181 1724 253 1761 pro
274 1712 330 1749 M.
354 1711 559 1760 Canuleio,
580 1725 652 1763 pro
672 1713 747 1753 Cn.
764 1715 974 1753 Dolabella
993 1715 1200 1763 consulari,
1219 1729 1310 1754 cum
1332 1718 1451 1756 Cotta

118 1775 302 1827 princeps
332 1776 534 1815 adhibitus
567 1785 682 1826 esset,
714 1778 862 1829 priores
891 1787 1025 1818 tamen
1054 1793 1168 1831 agere
1198 1781 1317 1831 partis
1349 1783 1451 1820 Hor-

59 1849 102 1881 25
119 1841 304 1880 tensium.
350 1843 494 1881 Acrem
516 1842 621 1882 enim
642 1851 850 1893 oratorem,
870 1851 908 1883 et
924 1844 1130 1884 incensum
1151 1854 1190 1885 et
1208 1855 1392 1897 agentem
1411 1855 1451 1886 et

118 1920 308 1946 canorum
346 1921 562 1947 concursus
595 1909 803 1948 hominum
841 1910 994 1961 forique
1026 1911 1210 1962 strepitus
1241 1911 1447 1952 desiderat.

118 1973 254 2011 Vnum
296 1972 412 2022 igitur
454 1986 618 2022 annum,
661 1987 753 2013 cum
797 1974 1035 2015 redissemus
1078 1990 1126 2015 ex
1166 1977 1272 2025 Asia,
1312 1991 1450 2017 causas
1470 1990 1533 2029 318

117 2037 261 2077 nobilis
298 2037 461 2088 egimus,
497 2052 589 2077 cum
628 2047 878 2090 quaesturam
916 2054 1000 2088 nos,
1033 2043 1283 2081 consulatum
1318 2044 1448 2092 Cotta,

1470 1169 1526 1208 92

1471 1227 1533 1261 317

164 2150 178 2172 1
205 2141 387 2173 Aeschilus
402 2142 450 2174 F:
475 2143 610 2174 esculus
628 2142 657 2174 G
744 2144 874 2176 cnidius
892 2144 939 2176 Ο2
955 2149 1067 2177 vetus:
1091 2147 1227 2186 gnidius
1243 2147 1293 2179 F:
1317 2148 1451 2180 enidius

118 2183 148 2216 C
308 2187 330 2216 6
363 2186 398 2216 in
438 2186 514 2218 add.
544 2186 720 2218 Eberhard
860 2199 881 2228 9
904 2199 1006 2229 supra
1034 2190 1178 2221 fluentes
1206 2190 1288 2222 FG:
1332 2202 1450 2234 supra-

118 2228 263 2260 fluentes
281 2228 310 2260 C
394 2234 428 2260 et
454 2240 480 2261 s.
499 2230 567 2261 secl.
596 2229 720 2262 Schatz
856 2241 897 2264 ιο
921 2233 1114 2265 diffluentes
1140 2235 1255 2275 vulg:
1281 2235 1448 2266 diffluenti

118 2271 152 2303 F
161 2283 169 2303 :
191 2272 401 2303 diffluentem
422 2272 451 2304 C
594 2284 632 2305 12
656 2275 833 2306 resederat
849 2299 857 2307 .
877 2299 885 2308 .
906 2299 914 2307 .
935 2276 1128 2308 deferverat
1144 2278 1258 2319 vulg:
1282 2279 1450 2311 reciderat

145 2338 154 2347 .
175 2339 183 2347 .
204 2315 391 2347 referverat
405 2315 436 2346 L
571 2327 610 2356 13
635 2318 767 2358 corpori
785 2318 874 2351 codd.
892 2319 952 2351 det.
970 2331 978 2351 :
1006 2322 1159 2361 corporis
1176 2320 1206 2351 L
1354 2323 1391 2353 18
1416 2328 1451 2354 et

118 2368 188 2390 non
206 2359 248 2390 L:
277 2366 370 2391 certe
389 2371 458 2391 non
479 2358 649 2392 Weidner:
674 2362 707 2392 id
723 2367 776 2393 est
793 2373 862 2394 non
872 2363 1015 2405 Stangl:
1039 2370 1074 2395 et
1089 2365 1157 2396 secl.
1173 2365 1264 2397 Bake
1405 2377 1446 2398 21

115 2403 206 2477 qutzd
222 2402 272 2435 L:
298 2404 459 2443 cuiJalm
548 2415 589 2444 24
617 2410 709 2437 esset
725 2404 775 2437 L:
802 2411 876 2438 erat
892 2408 1013 2439 maluit
1024 2407 1149 2450 Stangl
1252 2419 1294 2450 25
1319 2415 1353 2441 ct
1371 2410 1448 2443 add.

190 2457 206 2478 e
