1696 2730
197 167 245 206 19
263 163 305 206 65
620 158 679 196 M.
720 158 893 196 TVLLI
935 156 1247 198 CICERONIS

261 266 412 306 faciunt
442 280 563 318 quam
594 281 668 307 nos
699 274 738 307 et
766 267 951 316 crebrius,
984 267 1202 307 concinnas
1236 266 1360 318 magis
1390 265 1606 307 sententias
1643 275 1647 278 “

261 332 471 383 exquirunt
500 347 621 384 quam
650 333 877 384 probabilis,
900 347 924 372 a
952 347 993 373 re
1023 347 1141 384 saepe
1170 333 1396 381 discedunt,
1427 331 1609 372 intexunt

261 399 426 447 fabulas,
459 399 579 438 verba
615 399 732 438 altius
770 401 1010 438 transferunt
1047 413 1175 450 eaque
1213 398 1268 437 ita
1305 398 1527 450 disponunt
1563 405 1608 437 ut

261 463 432 514 pictores
452 464 682 504 varietatem
709 466 899 512 colorum,
915 454 1030 516 'paria
1049 464 1209 516 paribus
1233 465 1420 512 referunt,
1441 464 1607 503 adversa

263 529 478 578 contrariis,
501 530 811 581 saepissimeque
835 530 1013 569 similiter
1034 537 1209 569 extrema
1229 528 1435 569 definiunt.
1495 528 1606 568 Huic
1626 537 1643 568 5

261 594 396 645 generi
426 595 589 635 historia
626 595 795 635 finitima
832 603 902 644 est,
935 595 976 634 in
1008 609 1087 647 qua
1118 602 1157 635 et
1190 602 1369 634 narratur
1399 601 1536 634 ornate
1567 601 1607 635 et

262 660 369 712 regio
407 675 526 712 saepe
563 669 631 700 aut
668 675 803 712 pugna
840 661 1076 701 describitur
1090 676 1101 710 ς
1142 660 1450 711 interponuntur
1486 659 1607 699 etiam

262 726 469 766 contiones
490 734 529 766 et
549 727 804 774 hortationes,
823 729 894 766 sed
914 727 955 766 in
975 727 1037 766 his
1057 734 1180 766 tracta
1200 727 1399 777 quaedam
1419 732 1459 765 et
1478 726 1606 765 fluens

261 792 465 843 expetitur,
488 806 571 832 non
591 794 691 832 haec
711 800 893 832 contorta
913 800 952 832 et
971 792 1071 831 acris
1092 791 1228 831 oratio.

314 858 381 897 Ab
407 857 468 897 his
493 872 576 897 non
601 860 728 898 multo
757 872 871 898 secus
898 872 1020 909 quam
1043 871 1066 897 a
1094 857 1223 909 poetis
1250 858 1350 896 haee
1376 856 1606 908 eloquentia
1627 870 1665 893 ιο

261 936 382 973 quam
406 923 632 974 quaerimus
659 925 885 964 sevocanda
911 931 979 963 est.
1040 925 1146 962 Nam
1173 922 1293 963 etiam
1320 930 1463 974 poetae
1489 936 1606 974 quae-

260 987 431 1028 stionem
459 991 686 1038 attulerunt,
709 989 902 1040 quidnam
931 996 1036 1029 esset
1064 988 1163 1028 illud
1192 1002 1273 1040 quo
1302 987 1378 1039 ipsi
1404 987 1605 1028 differrent

259 1054 311 1093 ab
335 1054 580 1094 oratoribus:
614 1068 781 1094 numero
811 1054 982 1094 maxime
1007 1054 1245 1094 videbantur
1270 1061 1388 1093 antea
1413 1061 1453 1093 et
1474 1067 1600 1102 versu,

199 1123 242 1166 67
260 1133 368 1159 nunc
388 1122 496 1171 apud
515 1128 689 1160 oratores
709 1120 788 1160 iam
808 1121 893 1172 ipse
913 1124 1101 1160 numerus
1120 1119 1346 1159 increbruit.
1397 1118 1602 1170 Quicquid

260 1193 319 1224 est
339 1185 448 1225 enim
475 1187 586 1237 quod
609 1186 684 1225 sub
709 1186 863 1225 aurium
891 1199 1118 1225 mensuram
1144 1184 1318 1236 aliquam
1338 1184 1456 1234 cadit,
1479 1183 1599 1224 etiam
1623 1195 1662 1227 15

258 1251 291 1290 si
321 1251 435 1290 abest
465 1266 489 1291 a
521 1266 785 1291 versu—nam
820 1251 862 1291 id
893 1251 1057 1302 quidem
1092 1249 1281 1290 orationis
1316 1257 1375 1289 est
1405 1249 1604 1289 vitium—

257 1330 447 1356 numerus
471 1324 645 1365 vocatur,
668 1317 737 1368 qui
758 1319 910 1357 Graece
936 1317 1076 1368 ῥυθμὸς
1104 1315 1259 1355 dicitur.
1320 1316 1462 1366 Itaque
1485 1315 1603 1356 video

256 1381 385 1420 visum
406 1395 492 1422 esse
512 1396 595 1421 non
610 1382 728 1421 nullis
750 1382 926 1421 Platonis
951 1390 990 1422 et
1012 1380 1233 1421 Democriti
1253 1380 1511 1429 locutionem,
1528 1380 1603 1420 etsi

255 1446 359 1485 absit
387 1461 411 1485 a
438 1461 563 1495 versu,
590 1455 726 1487 tamen
756 1449 866 1499 quod
895 1446 1096 1486 incitatius
1130 1447 1275 1486 feratur
1307 1453 1347 1485 et
1377 1445 1602 1486 clarissimis
1695 1492 1696 1502 ξ

256 1509 468 1548 verborum
497 1510 715 1550 luminibus
745 1518 886 1558 utatur,
908 1509 1041 1561 potius
1067 1523 1213 1560 poema
1235 1509 1459 1559 putandum
1479 1522 1601 1559 quam
1621 1523 1663 1548 20
1694 1510 1696 1558 ἶ

256 1574 504 1614 comicorum
531 1583 739 1626 poetarum
755 1591 765 1624 ς
793 1577 902 1627 apud
927 1589 1042 1626 quos,
1061 1574 1137 1618 nisi
1162 1575 1272 1625 quod
1291 1573 1473 1613 versiculi
1495 1581 1599 1623 sunt,
1693 1569 1696 1607 ¹³

256 1639 355 1679 nihil
375 1648 434 1679 est
453 1641 562 1681 aliud
589 1641 780 1681 cotidiani
807 1641 999 1681 dissimile
1026 1640 1230 1680 sermonis.
1291 1641 1379 1680 Nec
1402 1647 1536 1680 tamen
1557 1640 1601 1681 id

257 1712 316 1744 est
344 1712 488 1756 poetae
517 1705 749 1755 maximum,
773 1706 846 1746 etsi
876 1713 935 1745 est
964 1719 1013 1745 eo
1041 1705 1279 1745 laudabilior
1304 1706 1414 1756 quod
1439 1704 1601 1745 virtutes

195 1773 236 1805 68
257 1770 422 1810 oratoris
448 1771 708 1823 persequitur,
734 1786 826 1811 cum
852 1785 967 1811 versu
997 1771 1046 1810 sit
1074 1770 1278 1810 astrictior.
1338 1772 1425 1822 Ego
1453 1778 1597 1820 autem,

256 1835 375 1875 etiam
405 1836 436 1875 si
464 1839 717 1888 quorundam
747 1837 907 1889 grandis
938 1845 978 1877 et
1012 1844 1150 1877 ornata
1184 1850 1262 1876 vox
1291 1843 1351 1875 est
1378 1843 1597 1887 poetarum,
1623 1851 1660 1884 ²5

254 1909 389 1942 tamen
417 1902 458 1941 in
487 1916 535 1942 ea
563 1916 655 1942 cum
685 1902 887 1942 licentiam
916 1910 1047 1942 statuo
1077 1901 1268 1941 maiorem
1297 1914 1384 1941 esse
1410 1914 1531 1952 quam
1557 1901 1599 1942 in

255 1967 371 2006 nobis
402 1967 677 2007 faciendorum
712 1968 1087 2019 iungendorumque
1115 1968 1337 2015 verborum,
1364 1974 1448 2006 tum
1479 1966 1598 2007 etiam

254 2047 337 2072 non
367 2033 465 2073 nulli
494 2047 632 2073 eorum
661 2034 855 2074 voluntati
884 2034 1050 2074 vocibus
1081 2033 1205 2084 magis
1240 2046 1360 2084 quam
1394 2033 1512 2072 rebus
1542 2033 1599 2072 in·

254 2098 428 2138 serviunt
442 2113 452 2147 3
490 2113 565 2138 nec
589 2113 693 2147 vero,
720 2099 752 2139 si
779 2099 876 2150 quid
903 2106 963 2139 est
989 2113 1114 2138 unum
1143 2099 1246 2138 inter
1273 2111 1342 2138 eos
1372 2097 1596 2139 simile—id

252 2171 387 2203 autem
414 2171 473 2203 est
496 2164 688 2204 iudicium
716 2165 939 2216 electioque
964 2165 1244 2213 verborum—‚
1263 2170 1471 2215 propterea
1496 2171 1597 2204 cete·
1614 2178 1658 2208 30

188 516 244 544 20

202 566 246 600 66

297 2277 318 2306 3
342 2268 444 2298 altius
459 2268 574 2300 Beier:
598 2269 750 2309 apertius
766 2267 819 2301 L:
844 2268 1006 2300 audacius
1019 2267 1144 2300 Schu‘Yz
1314 2276 1335 2308 5
1359 2267 1528 2300 definiunt
1544 2268 1574 2300 L
1589 2266 1605 2301 τ’

256 2310 421 2342 finiuntur
444 2313 566 2343 maluit
586 2312 678 2343 Bake
831 2321 871 2352 15
894 2312 984 2344 cadit
1000 2312 1030 2344 L
1053 2315 1084 2343 et
1103 2311 1220 2352 Rufin.
1241 2323 1248 2343 :
1281 2312 1381 2343 cadat
1407 2310 1600 2354 Wesenbeae

259 2363 299 2393 19
323 2354 493 2386 incitatius
504 2356 537 2386 F
539 2357 566 2387 ²:
590 2356 790 2387 ineitatusL
880 2367 923 2388 20
946 2356 1132 2396 putandam
1145 2355 1361 2387 maluitReid
1445 2356 1488 2386 28
1510 2366 1597 2387 uon-

254 2397 338 2428 nulli
352 2408 469 2429 eorum
481 2398 641 2440 Madvig:
667 2410 699 2432 n.
715 2400 847 2431 aurium
858 2398 1002 2431 Schatz:
1023 2400 1263 2431 nonnullorum
1275 2399 1306 2430 L
1367 2398 1596 2432 voluntatiL:

253 2440 422 2480 voluptati
434 2442 578 2484 Madvtg·
593 2455 600 2474 ε
622 2444 799 2475 voluntate
809 2442 942 2485 Sauppe
1019 2443 1212 2475 inserviunt
1224 2442 1314 2485 vulg.
1331 2453 1340 2476 t
1362 2442 1550 2489 inserviant
1562 2441 1593 2475 L
