1696 2730
201 148 220 175 1
237 154 254 185 a
595 139 653 178 M.
693 139 865 176 TVLLI
906 136 1217 178 CICERONIS

239 256 381 288 ventae
408 256 500 287 sunt
527 248 647 288 adlici
676 248 912 296 debuerunt,
935 249 1007 287 sed
1036 247 1198 287 dicendi
1228 260 1389 298 quoque
1415 245 1580 286 incredi-

200 326 221 356 4
239 314 309 353 bili
340 317 514 365 quadam
544 328 635 353 cum
666 314 783 365 copia
811 322 896 353 tum
925 313 1045 353 etiam
1080 313 1283 352 suavitate.
1343 314 1438 351 Non
1466 311 1580 363 potui

238 380 355 431 igitur
388 380 460 419 tibi
494 380 651 431 saepius
685 381 762 419 hoc
797 379 949 431 roganti
983 387 1022 418 et
1053 387 1187 418 tamen
1218 378 1369 418 verenti
1399 392 1450 418 ne
1481 377 1579 416 mihi

238 446 365 497 gravis
392 445 670 485 esses—facile
698 445 805 485 enim
832 446 872 485 id
902 433 1320 485 cernebam—debere
1346 444 1506 493 diutius,
1528 457 1580 483 ne

238 511 313 562 ipsi
342 511 436 550 iuris
456 511 658 562 interpreti
688 511 771 550 fieri
793 511 991 550 videretur
1019 511 1171 550 iniuria.
1232 510 1393 550 Etenim
1423 523 1515 549 curn
1537 517 1579 548 tu
1599 518 1616 550 5

239 576 337 615 mihi
371 576 550 628 meisque
585 578 710 616 multa
743 590 861 628 saepe
895 576 1128 628 scripsisses,
1161 576 1306 615 veritus
1336 589 1425 615 sum
1454 589 1516 624 ne,
1548 574 1581 613 si

239 656 313 693 ego
332 656 520 693 gravarer,
543 650 612 681 aut
631 641 828 693 ingratum
849 642 890 682 id
910 650 978 681 aut
999 643 1215 693 superbum
1235 642 1443 681 videretur.
1501 641 1581 680 Sed

239 709 336 747 dum
356 707 503 747 fuimus
524 722 613 756 una,
637 715 679 746 tu
707 707 881 759 optimus
909 722 950 747 es
974 708 1084 747 testis
1106 721 1225 759 quam
1253 707 1393 746 fuerim
1414 719 1582 757 occupa-

202 788 220 819 5
239 781 303 813 tus
317 789 328 822 3
357 781 400 812 ut
425 780 559 812 autem
586 787 609 812 a
635 781 674 812 te
700 773 865 813 discessi
890 773 932 812 in
960 773 1168 813 Graeciam
1197 772 1463 824 proficiscens,
1487 785 1580 811 cum

211 885 214 886 ⁷
239 853 360 890 opera
379 853 469 878 mea
488 853 562 878 nec
582 852 642 878 res
669 839 831 890 publica
850 853 925 878 nec
951 838 1070 878 amici
1089 845 1293 878 uterentur
1311 851 1386 877 nec
1412 839 1580 877 honeste
1603 851 1639 874 ιο

239 905 340 944 inter
358 919 468 944 arma
486 904 630 943 versari
651 918 821 955 possem,
837 918 888 943 ne
909 904 941 943 si
961 912 1048 943 tuto
1068 904 1231 955 quidem
1253 903 1351 942 mihi
1370 903 1412 942 id
1431 903 1577 951 liceret,

240 978 283 1009 ut
309 970 400 1010 veni
420 970 577 1009 Veliam
607 978 755 1021 tuaque
784 978 823 1009 et
852 977 941 1009 tuos
962 969 1055 1018 vidi,
1077 969 1307 1009 admonitus
1336 968 1454 1008 huius
1480 968 1580 1007 aeris

239 1035 358 1075 alieni
396 1035 507 1075 nolui
546 1037 685 1074 deesse
730 1049 781 1074 ne
823 1035 966 1075 tacitae
1005 1035 1168 1087 quidem
1208 1034 1441 1086 flagitationi
1475 1042 1577 1073 tuae.

242 1103 383 1152 Itaque
421 1103 531 1149 haec,
563 1115 654 1140 cum
690 1115 849 1140 mecum
883 1101 1004 1141 libros
1038 1116 1120 1141 non
1154 1102 1354 1148 haberem,
1386 1099 1579 1140 memoria

239 1166 405 1217 repetita
435 1166 475 1205 in
510 1166 595 1217 ipsa
629 1166 880 1217 navigatione
918 1167 1135 1218 conscripsi
1168 1166 1320 1217 tibique
1359 1180 1407 1205 ex
1424 1165 1578 1205 .itinere
1600 1181 1638 1213 15

240 1232 340 1281 misi,
373 1239 416 1271 ut
450 1246 539 1271 mea
573 1231 777 1283 diligentia
810 1234 1090 1271 mandatorum
1130 1240 1289 1272 tuorum
1327 1239 1366 1271 te
1404 1245 1580 1282 quoque,

240 1297 311 1337 etsi
338 1297 590 1337 admonitore
619 1311 701 1336 non
731 1311 836 1348 eges,
855 1299 907 1337 ad
937 1298 1170 1337 memoriam
1200 1305 1423 1337 nostrarum
1450 1311 1580 1336 rerum

239 1363 461 1402 excitarem.
522 1364 601 1402 Sed
635 1362 715 1401 iarn
749 1370 906 1414 tempus
941 1370 1000 1402 est
1031 1364 1082 1402 ad
1116 1362 1158 1402 id
1192 1364 1302 1414 quod
1337 1361 1580 1401 instituimus

239 1430 441 1468 accedere.

295 1495 399 1534 Cum
430 1493 560 1533 omnis
587 1493 686 1533 ratio
706 1493 874 1544 diligens
901 1493 1122 1533 disserendi
1148 1495 1248 1533 duas
1274 1494 1421 1533 habeat
1444 1493 1577 1544 partis,
1600 1510 1641 1534 20

240 1573 361 1598 unam
389 1559 619 1598 inveniendi
648 1561 812 1598 alteram
841 1559 1056 1607 iudicandi,
1079 1559 1285 1610 utriusque
1314 1559 1509 1611 princeps,
1537 1566 1580 1598 ut

240 1624 338 1663 mihi
376 1624 540 1676 quidem
578 1624 744 1672 videtur,
785 1624 1018 1664 Aristoteles
1058 1624 1141 1663 fuit.
1206 1624 1329 1664 Stoici
1365 1631 1500 1664 autem
1539 1624 1580 1663 in

239 1692 360 1729 altera
387 1691 688 1730 elaboraverunt
703 1705 713 1739 ,-
746 1690 951 1730 iudicandi
978 1690 1085 1730 enim
1109 1690 1191 1729 vias
1218 1690 1428 1742 diligenter
1452 1703 1582 1741 perse-

240 1756 321 1795 cuti
341 1763 434 1795 sunt
454 1769 501 1795 ea
528 1755 693 1794 scientia
719 1769 840 1807 quam
861 1757 1096 1806 διαλεκτικὴν
1114 1757 1326 1807 appellant,
1349 1755 1579 1796 inveniendi

238 1829 363 1861 artem
391 1835 493 1872 quae
519 1822 653 1872 τοπικὴ
680 1821 836 1870 dicitur,
859 1835 962 1873 quae
991 1830 1030 1862 et
1058 1823 1110 1861 ad
1136 1835 1253 1860 usum
1283 1821 1414 1872 potior
1439 1828 1522 1860 erat
1541 1829 1580 1861 et
1602 1833 1640 1867 ²5

204 1905 218 1938 7
239 1887 379 1927 ordine
399 1895 562 1927 naturae
583 1895 688 1927 certe
715 1887 830 1939 prior,
854 1895 979 1927 totam
1006 1887 1259 1939 reliquerunt.
1320 1889 1405 1926 Nos
1431 1894 1577 1935 autem,

239 1952 431 2003 quoniam
469 1952 510 1991 in
541 1960 709 2004 utraque
747 1967 904 1993 summa
937 1953 1083 1992 utilitas
1118 1961 1177 1992 est
1215 1960 1254 1992 et
1291 1959 1511 2004 utramque,
1548 1952 1581 1992 si

239 2018 311 2057 erit
358 2017 495 2067 otium,
537 2019 722 2070 persequi
769 2019 1001 2070 cogitamus,
1041 2019 1092 2058 ab
1138 2032 1185 2058 ea
1226 2031 1329 2069 quae
1371 2018 1477 2069 prior
1521 2025 1580 2058 est

239 2083 449 2123 ordiemur.
510 2086 564 2123 Vt
589 2083 705 2135 igitur
736 2099 870 2124 earum
902 2098 1031 2124 rerum
1063 2098 1166 2135 quae
1197 2083 1456 2123 absconditae
1487 2091 1580 2122 sunt

239 2151 512 2188 demonstrato
543 2157 582 2188 et
617 2157 755 2190 notato
790 2152 879 2189 loco
914 2149 1038 2189 facilis
1067 2148 1245 2189 inventio
1279 2156 1349 2197 est,
1385 2148 1454 2198 sic,
1485 2162 1576 2188 cum
1596 2165 1640 2195 30

238 2214 501 2266 pervestigare
538 2223 816 2266 argumentum
861 2215 1024 2267 aliquod
1069 2216 1264 2263 volumus,
1305 2216 1415 2254 locos
1459 2227 1578 2254 nosse

238 2280 433 2319 debemus
447 2295 458 2329 3
487 2280 543 2319 sic
563 2280 670 2320 enim
697 2283 918 2332 appellatae
943 2281 995 2320 ab
1015 2280 1228 2320 Aristotele
1257 2287 1349 2319 sunt
1375 2293 1446 2319 eae
1465 2280 1578 2331 quasi

197 1473 222 1500 2

202 1525 222 1556 6

413 2394 456 2415 20
479 2385 586 2424 partis
601 2386 690 2426 vulg.
712 2397 719 2417 ε
743 2386 825 2417 artis
842 2385 916 2417 Aa²
1075 2395 1117 2426 25
1142 2395 1297 2426 quaeque
1315 2389 1349 2416 et
1365 2384 1399 2415 A
