1630 2730
680 130 900 170 BRVTVS
1416 137 1460 166 21
1481 134 1521 165 82

125 253 303 297 quentes‚
326 257 495 295 quorum
524 250 677 283 exstant
700 241 908 289 orationes,
930 254 977 280 ex
1002 239 1148 291 quibus
1171 237 1382 278 existimari
1408 239 1459 277 de

125 310 292 361 ingeniis
313 318 512 349 oratorum
535 315 677 360 potest.
736 308 815 347 Sed
834 307 936 346 inter
961 307 1034 345 hos
1060 312 1188 344 aetate
1208 305 1371 355 paulum
1397 303 1458 341 his

123 377 365 415 antecedens
396 374 480 413 sine
511 372 777 413 controversia
810 373 888 411 Ser.
923 372 1051 410 Galba
1088 368 1315 420 eloquentia
1352 382 1460 419 prae-

124 440 244 489 stitit3
284 448 323 480 et
364 439 551 478 nimirum
590 439 623 478 is
660 438 843 489 princeps
881 451 928 476 ex
967 435 1117 475 Latinis
1154 435 1222 473 illa
1258 441 1458 473 oratorum

86 525 104 556 5
123 505 280 558 propria
318 513 356 544 et
389 504 503 556 quasi
539 503 714 555 legitima
751 516 871 554 opera
907 501 1095 548 tractavit,
1129 507 1173 539 ut
1211 500 1459 551 egrederetur

121 585 146 610 a
165 570 368 622 proposito
397 569 565 609 ornandi
585 582 713 616 causa,
737 576 780 607 ut
808 569 1022 607 delectaret
1050 565 1215 612 animos,
1238 572 1282 603 ut
1307 577 1459 615 permo-

121 644 241 684 veret,
273 644 316 675 ut
348 643 508 686 augeret
540 648 635 682 rem,
667 642 711 673 ut
742 632 1071 680 miserationibus,
1105 638 1148 670 ut
1176 629 1458 670 communibus

122 701 220 741 locis
246 709 429 740 uteretur.
484 701 568 740 Sed
595 699 731 738 nescio
760 711 840 749 quo
861 699 983 737 modo
1003 696 1131 744 huius,
1153 709 1274 746 quem
1303 702 1458 734 constat

121 766 350 818 eloquentia
368 765 617 817 praestitisse,
640 764 818 803 exiliores
839 763 1036 803 orationes
1057 769 1149 800 sunt
1173 769 1213 800 et
1233 761 1456 799 redolentes

66 847 106 871 ιο
124 831 247 882 magis
265 830 541 882 antiquitatem
567 843 687 881 quam
715 836 783 868 aut
803 827 913 867 Laeli
933 834 1005 866 aut
1028 825 1224 877 Scipionis
1250 832 1318 864 aut
1337 824 1456 864 etiam

122 897 245 949 ipsius
266 896 442 944 Catonis,
463 896 596 946 itaque
619 901 863 941 exaruerunt,
885 893 948 931 vix
967 892 1045 931 iarn
1067 900 1110 930 ut
1128 898 1354 942 appareant.

179 964 242 1001 De
272 961 395 1012 ipsius
425 960 534 1000 Laeli
563 968 602 999 et
631 958 827 1010 Scipionis
854 957 1016 1008 ingenio
1045 969 1287 1007 quamquam
1317 969 1364 995 ea
1397 963 1456 995 est
1474 961 1516 999 83

121 1028 237 1075 fama,
259 1035 303 1065 ut
331 1026 544 1077 plurimum
574 1025 766 1064 tribuatur
793 1023 1002 1070 ambobus,
1023 1021 1186 1061 dicendi
1214 1029 1348 1060 tamen
1371 1022 1455 1059 laus

123 1100 181 1131 est
211 1091 252 1130 in
285 1091 420 1131 Laelio
453 1090 662 1129 inlustrior.
721 1091 774 1128 At
798 1088 922 1127 oratio
952 1087 1062 1127 Laeli
1090 1088 1142 1126 de
1170 1085 1344 1137 collegiis
1373 1099 1455 1124 non

66 1174 106 1207 ¹5
124 1157 262 1196 melior
281 1170 401 1207 quarn
427 1157 478 1196 de
504 1155 637 1194 multis
657 1168 778 1205 quam
803 1155 912 1192 voles
932 1152 1153 1203 Scipionis;
1181 1165 1264 1190 non
1290 1164 1371 1201 quo
1390 1150 1455 1188 illa

126 1221 233 1262 Laeli
252 1222 466 1273 quicquam
493 1220 542 1260 sit
568 1220 723 1259 dulcius
748 1226 818 1258 aut
834 1232 918 1269 >quo
938 1219 989 1257 de
1015 1217 1202 1268 religione
1226 1216 1305 1256 dici
1331 1216 1455 1267 possit

120 1287 334 1338 augustius,
355 1288 427 1326 sed
454 1287 580 1325 multo
606 1293 740 1324 tamen
759 1283 949 1323 vetustior
971 1290 1010 1322 et
1033 1282 1227 1321 horridior
1245 1281 1310 1320 ille
1334 1294 1454 1331 quam

120 1352 278 1404 Scipio;
311 1360 360 1400 et,
382 1365 474 1391 cum
501 1350 578 1390 sint
598 1350 638 1388 in
664 1349 838 1389 dicendo
858 1347 986 1387 variae
1012 1348 1245 1394 voluntates,
1267 1346 1454 1385 delectari

120 1418 218 1457 mihi
237 1418 360 1469 magis
388 1416 622 1467 antiquitate
650 1415 806 1454 videtur
831 1421 870 1453 et
898 1413 1066 1452 libenter
1096 1411 1225 1451 verbis
1249 1411 1368 1450 etiam
1395 1411 1451 1449 uti

61 1500 105 1524 ιο
120 1484 239 1534 paulo
272 1481 395 1532 magis
428 1480 564 1532 priscis
595 1478 764 1518 Laelius.
822 1478 901 1517 Sed
939 1484 998 1516 est
1028 1490 1115 1516 mos
1152 1475 1372 1523 hominurn,
1409 1483 1451 1514 ut
1469 1484 1512 1523 84

120 1547 247 1587 nolint
266 1548 439 1586 eundem
459 1545 636 1596 pluribus
659 1545 776 1583 rebus
796 1544 997 1582 excellere.
1057 1543 1162 1580 Nam
1182 1549 1225 1579 ut
1244 1554 1292 1580 ex
1312 1540 1453 1580 bellica

119 1614 237 1652 laude
274 1612 443 1663 aspirare
480 1612 533 1650 ad
570 1609 802 1649 Africanum
839 1621 960 1647 nemo
997 1614 1138 1658 potest,
1174 1606 1215 1644 in
1252 1619 1332 1656 qua
1369 1605 1454 1656 ipsa

119 1677 318 1729 egregium
337 1675 506 1714 Viriathi
528 1675 631 1714 bello
646 1673 861 1725 reperimus
880 1672 1000 1711 fuisse
1017 1671 1196 1710 Laelium
1213 1686 1220 1709 :
1250 1670 1306 1709 sic
1320 1670 1454 1721 ingeni

119 1743 335 1783 litterarum
350 1740 600 1792 eloquentiae
615 1738 831 1790 sapientiae
846 1737 1019 1787 denique
1035 1736 1107 1776 etsi
1123 1735 1278 1786 utrique
1293 1735 1452 1786 primas,

61 1826 101 1858 ²5
119 1808 267 1859 priores
296 1815 429 1845 tamen
459 1805 627 1844 libenter
654 1805 836 1843 deferunt
866 1801 1014 1841 Laelio.
1072 1803 1159 1840 Nec
1186 1800 1283 1839 mihi
1308 1809 1455 1840 cetero-

119 1887 204 1912 rum
235 1872 383 1912 iudicio
412 1873 540 1910 solum
570 1869 735 1917 videtur,
767 1869 837 1907 sed
867 1867 985 1907 etiam
1012 1866 1187 1917 ipsorum
1218 1865 1318 1905 inter
1346 1865 1452 1917 ipsos

117 1951 310 1978 concessu
330 1937 384 1976 ita
403 1936 594 1976 tributum
614 1934 745 1974 fuisse.
805 1935 899 1972 Erat
919 1932 1084 1972 omnino
1111 1939 1195 1970 tum
1222 1945 1320 1979 mos,
1343 1939 1386 1970 ut
1412 1931 1452 1970 in
1470 1940 1510 1980 85

117 2003 276 2055 reliquis
305 2004 423 2042 rebus
452 2000 602 2048 melior,
625 2000 680 2039 sic
710 1999 751 2038 in
780 2000 857 2038 hoc
886 1998 973 2049 ipso
1003 1996 1226 2046 humanior,
1246 2004 1289 2036 ut
1317 1997 1451 2037 faciles

117 2077 248 2110 essent
267 2069 308 2108 in
328 2081 443 2107 suum
464 2067 608 2117 cuique
629 2065 853 2105 tribuendo.
907 2062 1104 2103 Memoria
1123 2070 1241 2103 teneo
1261 2065 1450 2113 Smyrnae
1468 2075 1518 2103 22

59 2150 101 2182 30
118 2148 182 2175 me
202 2149 249 2174 ex
270 2136 311 2173 P.
335 2132 487 2172 Rutilio
508 2132 616 2170 Rufo
635 2130 842 2178 audivisse,
865 2142 957 2168 cum
976 2128 1125 2168 diceret
1150 2129 1450 2168 adulescentulo

162 2247 190 2277 1,
208 2247 228 2268 2
252 2246 393 2278 quorum
412 2259 420 2268 .
438 2260 445 2267 .
464 2259 472 2268 .
489 2238 602 2275 potest
618 2233 687 2266 secl.
698 2233 795 2272 Jahn
957 2241 976 2271 5
1001 2231 1246 2271 degrederetur
1261 2230 1451 2262 Lambinus

115 2282 139 2314 6
161 2287 198 2313 ut
223 2283 438 2322 permoveret
459 2278 564 2320 vulg:
587 2282 646 2309 aut
671 2287 702 2317 p.
723 2275 753 2307 L
932 2285 950 2314 7
974 2275 1327 2308 commiserationibus
1343 2274 1447 2306 Lam-

117 2326 215 2356 binus
361 2324 391 2364 8,
409 2333 432 2363 9
453 2333 555 2363 quem
581 2346 588 2354 .
614 2345 622 2352 .
647 2346 654 2353 .
682 2320 892 2361 praestitisse
915 2319 985 2351 secl.
1010 2318 1182 2350 Eberhard
1329 2328 1366 2350 ro
1389 2323 1447 2350 aut

118 2367 286 2409 Scipionis
301 2367 390 2408 vulg.
406 2378 413 2397 :
435 2371 493 2398 aut
509 2376 573 2398 om.
591 2363 622 2395 L
757 2373 795 2403 13
819 2364 906 2394 sama
921 2363 1052 2394 Baiter:
1075 2362 1140 2398 iam
1155 2362 1184 2393 L
1319 2372 1356 2403 14
1381 2363 1448 2394 col-

118 2413 217 2454 legiis
232 2411 322 2453 vulg.
342 2422 349 2442 :
372 2410 514 2450 collegis
530 2408 560 2440 L
719 2417 756 2448 17
781 2407 957 2439 venustior
974 2405 1026 2438 L:
1048 2417 1128 2438 corr.
1152 2404 1251 2438 0²M²
