1696 2730
676 129 914 177 ORATOR
1086 140 1093 142 “
1419 135 1471 166 22
1491 140 1532 176 7-4

138 252 210 296 put
235 241 547 295 Agamemnonis
584 255 684 290 esse,
709 239 899 292 quoniam
938 252 1137 279 summum
1176 238 1287 278 illum
1319 240 1471 278 luctum

138 309 324 362 penicillo
350 322 431 347 non
457 314 592 359 posset
611 305 753 345 imitari
766 321 777 355 3
806 305 839 345 si
858 305 1032 356 denique
1055 303 1192 344 histrio
1216 303 1312 355 quid
1333 305 1473 344 deceat

139 373 301 426 quaerit,
331 372 427 424 quid
461 371 688 412 faciendum
721 370 866 411 oratori
895 378 1080 421 putemus
1095 369 1238 409 ?—sed
1269 382 1361 408 cum
1395 369 1472 409 hoc

137 447 291 479 tantum
317 438 376 487 sit,
399 438 496 489 quid
522 438 561 476 in
590 436 716 477 causis
747 449 964 486 earumque
992 434 1105 486 quasi
1139 434 1326 474 membris
1355 434 1473 474 faciat

100 518 118 550 5
138 512 268 546 orator
298 503 462 543 viderit:
504 503 603 542 illud
636 502 798 553 quidem
837 500 1089 552 perspicuum
1127 507 1197 548 est,
1233 513 1315 539 non
1349 501 1473 539 modo

137 570 257 622 partis
294 568 483 609 orationis
521 569 592 607 sed
629 567 748 607 etiam
787 579 924 605 causas
962 573 1065 605 totas
1101 565 1197 604 alias
1234 564 1310 604 alia
1347 566 1474 604 forma

139 634 299 675 dicendi
328 647 414 673 esse
442 633 677 673 tractandas.

193 699 378 751 Sequitur
400 706 443 738 ut
469 698 662 749 cuiusque
684 695 837 748 generis
863 703 959 736 nota
984 702 1194 747 quaeratur
1219 702 1259 734 et
1281 695 1472 735 formula:
1491 679 1542 717 ²3

140 778 328 816 magnum
366 777 466 815 opus
504 770 543 803 et
582 763 764 811 arduum,
797 768 841 800 ut
880 775 998 812 saepe
1040 760 1119 800 iam
1157 760 1328 800 diximus
1345 775 1356 809 3
1403 762 1473 800 sed
1494 741 1532 773 75

84 846 124 868 10
140 829 451 881 ingredientibus
490 827 824 867 considerandum
864 826 938 865 fuit
975 825 1072 877 quid
1114 839 1331 877 ageremus,
1367 839 1474 864 nunc

140 895 303 946 quidem
326 895 405 933 iam
425 906 680 945 quocumque
705 894 874 931 feremur
899 892 1033 930 danda
1052 890 1239 930 nimirum
1259 893 1346 930 vela
1369 899 1471 930 sunt.

139 962 200 999 Ac
219 959 390 1010 primum
411 958 684 997 informandus
712 964 771 996 est
790 956 855 995 ille
880 955 998 995 nobis
1018 969 1137 1006 quem
1160 958 1289 995 solum
1309 955 1473 1007 quidem

138 1033 283 1065 vocant
301 1024 490 1063 Atticum.
549 1022 791 1062 Summissus
816 1029 875 1060 est
894 1029 934 1061 et
953 1020 1126 1070 humilis,
1141 1021 1471 1060 consuetudinem
1494 1026 1536 1069 76

139 1090 312 1138 imitans,
330 1090 382 1128 ab
402 1088 599 1128 indisertis
623 1102 664 1127 re
684 1089 772 1138 plus
794 1100 913 1137 quam
934 1086 1123 1137 opinione
1142 1086 1337 1125 differens.
1399 1087 1475 1124 Ita-

84 1167 122 1199 15
141 1169 218 1207 que
238 1169 328 1195 eum
350 1154 418 1206 qui
437 1153 616 1201 audiunt,
638 1152 818 1203 quamvis
845 1151 920 1203 ipsi
946 1151 1116 1190 infantes
1143 1150 1234 1200 sint,
1254 1159 1387 1190 tamen
1407 1103 1497 1205 issoi

141 1222 263 1260 modo
286 1221 494 1259 confidunt
521 1232 563 1258 se
588 1231 706 1269 posse
731 1217 873 1256 dicere.
933 1218 1039 1255 Nam
1065 1216 1253 1255 orationis
1280 1215 1475 1255 subtilitas

140 1285 340 1326 imitabilis
367 1284 433 1324 illa
453 1284 615 1335 quidem
636 1283 791 1322 videtur
817 1295 903 1321 esse
930 1281 1178 1330 existimanti,
1201 1282 1272 1320 sed
1298 1280 1396 1319 nihil
1416 1288 1476 1319 est

140 1350 354 1403 experienti
387 1349 530 1388 minus.
595 1347 681 1387 Etsi
719 1347 826 1387 enim
864 1359 947 1386 non
979 1345 1138 1398 plurimi
1171 1345 1372 1396 sanguinis
1403 1352 1473 1392 est,

140 1417 286 1456 habeat
322 1423 455 1454 tamen
494 1427 633 1453 sucum
672 1412 845 1463 aliquem
883 1418 1053 1463 oportet,
1083 1418 1137 1459 ut,
1173 1409 1291 1450 etiam
1330 1409 1363 1449 si
1400 1409 1475 1449 illis

85 1496 126 1520 πο
143 1480 322 1520 maximis
342 1480 488 1519 viribus
514 1485 655 1526 careat,
677 1477 737 1526 sit,
759 1485 802 1516 ut
825 1477 879 1516 ita
901 1476 1044 1524 dicam,
1066 1475 1217 1527 integra
1235 1474 1472 1514 valetudine.

144 1546 320 1584 Primum
346 1545 462 1596 igitur
481 1557 572 1583 eum
599 1551 802 1593 tamquam
826 1556 848 1581 e
868 1541 1035 1581 vinculis
1055 1554 1310 1580 numerorum
1334 1539 1477 1579 exima-
1497 1547 1536 1582 77

143 1624 242 1650 mus.
295 1612 395 1650 Sunt
414 1609 521 1648 enim
541 1608 715 1659 quidam,
731 1615 774 1646 ut
793 1607 880 1655 scis,
903 1605 1061 1645 oratorii
1080 1604 1244 1653 numeri,
1260 1606 1311 1644 de
1330 1604 1476 1655 quibus

142 1689 236 1715 mox
257 1688 431 1726 agemus,
453 1673 689 1713 observandi
708 1672 860 1711 ratione
880 1672 1064 1722 quadam,
1087 1671 1158 1710 sed
1177 1670 1254 1709 alio
1274 1669 1315 1708 in
1334 1683 1477 1720 genere

143 1741 342 1788 orationis,
373 1740 414 1778 in
447 1740 524 1778 hoc
555 1738 720 1778 omnino
753 1736 1014 1787 relinquendi.
1072 1737 1254 1775 Solutum
1283 1734 1474 1786 quiddam

85 1822 125 1853 ²5
144 1806 193 1846 sit
229 1819 304 1845 nec
335 1818 478 1855 vagum
511 1811 657 1851 tamen,
693 1810 736 1842 ut
769 1801 919 1853 ingredi
957 1801 1090 1848 libere,
1123 1813 1205 1839 non
1239 1807 1282 1838 ut
1314 1799 1478 1838 licenter

142 1871 322 1911 videatur
358 1883 495 1909 errare.
552 1868 686 1907 Verba
726 1866 845 1906 etiam
882 1865 1012 1905 verbis
1049 1864 1162 1916 quasi
1201 1871 1478 1916 coagmentare

143 1939 333 1988 neglegat.
398 1935 535 1974 Habet
565 1933 671 1973 enim
703 1933 767 1972 ille
800 1940 1002 1983 tamquam
1032 1931 1162 1970 hiatus
1192 1937 1232 1970 et
1261 1943 1478 1969 concursus

142 2001 337 2041 vocalium
377 2001 496 2039 molle
534 1999 725 2050 quiddam
765 2005 804 2037 et
836 1998 946 2048 quod
984 1996 1133 2036 indicet
1171 2008 1253 2034 non
1286 1994 1477 2045 ingratam

142 2065 430 2118 neglegentiam
462 2065 513 2104 de
546 2077 587 2103 re
620 2062 795 2102 hominis
826 2061 949 2113 magis
980 2074 1099 2112 quam
1134 2061 1185 2100 de
1212 2059 1342 2099 verbis
1371 2060 1479 2099 labo-

84 2148 127 2178 30
142 2131 273 2172 rantis.
337 2131 416 2170 Sed
446 2129 519 2169 erit
546 2129 764 2168 videndum
794 2128 845 2167 de
875 2126 1045 2178 reliquis,
1076 2139 1168 2165 cum
1201 2126 1300 2164 haec
1331 2125 1413 2164 duo
1441 2123 1476 2163 ei
1498 2129 1539 2171 78

142 2196 324 2237 liberiora
349 2195 503 2242 fuerint,
525 2194 711 2234 circuitus
735 2191 1101 2244 conglutinatioque
1123 2190 1345 2230 verborum.
1405 2191 1479 2229 Illa

143 2262 248 2302 enim
279 2261 365 2312 ipsa
398 2267 600 2300 contracta
631 2266 670 2298 et
701 2258 854 2298 minuta
883 2270 965 2296 non
998 2257 1250 2307 neglegenter
1274 2255 1480 2294 tractanda

187 2375 230 2396 22
254 2364 393 2396 oratorii
411 2362 498 2395 codd.
517 2361 590 2395 dett.
606 2372 612 2392 :
638 2362 763 2393 oratori
780 2358 810 2391 L
931 2368 973 2398 27
997 2363 1031 2390 et
1047 2367 1230 2390 concursus
1246 2357 1361 2399 Quint.
1379 2356 1423 2391 ix.
1442 2367 1474 2396 4.

146 2419 186 2449 37
202 2411 232 2440 et
251 2408 312 2439 Iul.
333 2407 447 2448 Victor,
465 2417 498 2448 p.
518 2416 584 2446 432
602 2417 608 2423 ·
632 2414 797 2436 concursu
814 2402 844 2433 L
