1696 2730
158 160 212 208 76
234 166 298 208 263
590 162 647 200 M.
687 161 859 200 TVLLI
897 160 1207 202 CICERONIS

232 276 320 315 Has
339 275 404 315 ille
425 283 565 315 tenens
586 282 625 315 et
644 282 803 327 paratus
822 276 874 315 ad
898 287 1037 315 causas
1056 274 1231 321 veniens,
1253 272 1464 312 verborum
1485 284 1567 311 non

230 354 360 392 egens,
383 341 469 393 ipsa
496 340 562 380 illa
591 341 888 393 comparatione
916 340 1206 392 disciplinaque
1235 337 1398 378 dicendi
1424 337 1504 377 iam
1526 336 1568 375 in

149 411 212 452 264
230 414 486 458 patronorum
506 420 717 445 numerum
736 413 977 458 pervenerat.
1037 407 1132 445 Erat
1151 404 1271 444 etiam
1289 403 1348 443 vir
1366 404 1508 443 doctus
1527 401 1569 441 in

230 472 366 523 primis
393 473 438 513 C.
460 471 647 511 Visellius
671 473 807 520 Varro,
836 469 1100 511 consobrinus
1129 483 1252 521 meuS,
1280 468 1349 521 qui
1375 468 1450 508 fuit
1477 481 1570 508 curn

232 537 380 577 Sicinio
400 545 528 578 aetate
548 537 797 577 coniunctus.
839 538 894 586 Is,
907 550 1000 576 cum
1020 544 1111 588 post
1130 537 1308 576 curulem
1327 533 1570 574 aedilitatem
1590 546 1608 577 5

231 602 352 642 iudex
379 602 623 654 quaestionis
653 610 766 651 esset,
799 610 860 643 est
888 610 1096 651 mortuus‚·
1132 601 1174 641 in
1203 614 1284 652 quo
1313 602 1438 640 fateor
1465 598 1572 650 vulgi

231 668 423 708 iudicium
444 682 467 708 a
486 668 635 709 iudicio
658 682 750 708 meo
773 668 1017 708 dissensisse.
1077 669 1182 708 Nam
1206 667 1358 718 populo
1381 678 1464 706 non
1489 671 1572 705 erat

232 734 325 773 satis
345 734 556 774 vendibilis
575 749 583 773 ε
617 748 806 786 praeceps
826 735 1026 785 quaedam
1052 741 1092 772 et
1120 746 1213 773 eum
1233 731 1382 772 idcirco
1403 732 1575 772 obscura

232 799 326 850 quia
350 808 547 851 peracuta,
570 807 654 839 tum
681 800 819 852 rapida
841 807 881 840 et
904 799 1104 839 celeritate
1129 806 1290 838 caecata
1315 797 1441 837 oratio
1457 811 1468 846 3
1501 797 1572 837 sed

232 879 363 916 neque
385 865 515 905 verbis
541 865 734 916 aptiorem
764 865 844 905 cito
873 865 994 904 alium
1018 864 1184 904 dixerim
1213 877 1345 914 neque
1368 862 1573 902 sententiis
1594 876 1634 900 10

232 930 481 970 crebriorem.
541 933 748 971 Praeterea
780 932 978 982 perfectus
1006 930 1048 971 in
1076 929 1215 969 litteris
1243 928 1418 981 iurisque
1448 927 1573 968 civilis

152 1003 214 1046 265
232 996 311 1034 iam
331 1009 355 1034 a
374 1004 483 1047 patre
503 997 711 1036 Aculeone
731 996 915 1035 traditam
940 995 1067 1036 tenuit
1087 994 1351 1047 disciplinam.
1412 993 1574 1045 Reliqui

233 1068 336 1109 sunt,
359 1061 427 1112 qui
451 1061 597 1100 mortui
623 1061 712 1110 sint,
736 1063 779 1101 L.
802 1064 1042 1113 Torquatus,
1065 1074 1186 1112 quem
1211 1068 1254 1100 tu
1278 1074 1361 1100 non
1387 1067 1468 1099 tam
1493 1059 1574 1099 cito

232 1129 431 1167 rhetorem
460 1127 636 1175 dixisses,
665 1127 739 1167 etsi
765 1141 847 1167 non
877 1129 1011 1168 deerat
1040 1126 1177 1175 oratio,
1204 1139 1336 1177 quam,
1364 1133 1408 1165 ut
1432 1124 1575 1166 Graeci

234 1192 384 1241 dicunt,
417 1195 620 1233 πολιτικόν.
680 1195 804 1233 Erant
838 1193 879 1232 in
913 1206 962 1233 eo
995 1192 1189 1244 plurimae
1218 1192 1370 1231 litterae
1399 1205 1476 1231 nec
1504 1204 1574 1231 eae
1596 1207 1634 1240 15

233 1260 422 1309 vulgares,
449 1260 520 1298 sed
548 1259 753 1298 interiores
779 1260 975 1310 quaedam
1006 1266 1045 1298 et
1072 1258 1312 1305 reconditae,
1335 1256 1469 1297 divina
1496 1270 1576 1296 me-

234 1323 369 1371 moria,
403 1337 561 1364 summa
589 1325 800 1365 verborum
835 1332 874 1364 et
906 1323 1073 1375 gravitas
1111 1330 1151 1363 et
1188 1322 1410 1374 elegantia3
1455 1330 1576 1373 atque

234 1391 334 1429 haec
353 1389 489 1429 omnia
505 1390 609 1431 vitae
633 1391 849 1430 decorabat
873 1390 1041 1442 gravitas
1065 1397 1104 1429 et
1130 1389 1342 1440 integritas.
1402 1390 1474 1428 Me
1487 1385 1577 1439 >qui-

235 1456 329 1494 dem
354 1456 575 1496 admodum
605 1456 830 1496 delectabat
853 1455 973 1495 etiam
992 1455 1119 1495 Triari
1146 1455 1188 1494 in
1217 1454 1284 1494 illa
1305 1461 1434 1494 aetate
1457 1454 1577 1505 plena

234 1520 428 1560 litteratae
465 1521 680 1561 senectutis
719 1521 855 1561 oratio.
933 1522 1094 1571 Quanta
1135 1519 1320 1560 severitas
1358 1519 1400 1559 in
1437 1520 1575 1559 vultu!
1597 1533 1637 1556 20
1673 1512 1675 1514 ’

237 1594 432 1637 quantum
458 1588 616 1638 pondus
645 1587 686 1626 in
713 1587 866 1627 verbis!
904 1600 1024 1638 quam
1054 1586 1152 1625 nihil
1177 1600 1260 1625 non
1281 1585 1576 1626 consideratum

155 1657 220 1692 266
238 1651 370 1692 exibat
398 1666 446 1692 ex
474 1655 567 1692 ore!
624 1654 730 1692 Tum
759 1655 904 1693 Brutus
927 1652 1121 1704 Torquati
1150 1659 1189 1692 et
1217 1651 1344 1690 Triari
1372 1650 1577 1691 mentione

237 1726 733 1770 commotus—utrumque
762 1718 868 1758 enim
898 1732 1036 1758 eorum
1069 1718 1289 1757 admodum
1321 1716 1577 1757 dilexerat—:

237 1785 300 1822 Ne
321 1797 406 1834 ego,
428 1783 572 1835 inquit,
590 1791 634 1823 ut
654 1784 836 1824 omittam
860 1792 991 1824 cetera
1017 1797 1119 1835 quae
1142 1790 1234 1822 sunt
1259 1781 1574 1831 innumerabilia,

236 1850 288 1888 de
319 1848 402 1887 istis
436 1850 595 1889 duobus
627 1863 719 1889 cum
750 1849 893 1901 cogito,
924 1850 1043 1890 doleo
1072 1848 1172 1888 nihil
1204 1856 1313 1887 tuam
1343 1855 1576 1900 perpetuam
1597 1863 1637 1896 ²5

236 1913 512 1953 auctoritatem
542 1916 593 1954 de
621 1928 720 1966 pace
739 1915 932 1955 valuisse!
990 1916 1096 1954 Nam
1126 1928 1201 1953 nee
1223 1914 1321 1953 istos
1349 1913 1577 1953 excellentis

237 1979 341 2018 viros
370 1993 445 2019 nec
474 1981 620 2019 multos
649 1980 747 2020 alios
776 1980 1011 2032 praestantis
1044 1980 1140 2020 civis
1169 1993 1230 2019 res
1259 1979 1419 2030 publica
1451 1978 1580 2030 perdi-

238 2047 372 2087 disset.
431 2046 635 2094 Sileamus‚
671 2045 850 2097 inquam,
884 2048 1017 2095 Brute,
1056 2047 1107 2086 de
1145 2044 1240 2093 istis,
1274 2058 1326 2084 ne
1363 2057 1578 2096 augeamus

239 2114 429 2152 dolorem.
488 2114 594 2151 Nam
624 2120 663 2151 et
691 2111 991 2162 praeteritorum
1023 2110 1245 2152 recordatio
1276 2117 1335 2150 est
1364 2110 1507 2150 acerba
1537 2117 1577 2150 et

239 2178 417 2218 acerbior
442 2177 684 2229 exspectatio
708 2177 962 2229 reliquorum.
1021 2180 1164 2228 Itaque
1190 2176 1420 2216 omittamus
1443 2177 1575 2227 lugere
1594 2187 1638 2220 30

283 2292 303 2322 5
327 2282 537 2314 aedilitatem
554 2282 586 2313 F
586 2281 670 2314 OG:
695 2282 897 2322 dignitatem
916 2281 944 2314 C
1029 2292 1051 2322 9
1075 2281 1193 2321 rapida
1205 2280 1272 2322 [et]
1286 2278 1412 2311 Schats
1426 2290 1434 2311 ε
1450 2279 1579 2319 rapidi-

240 2330 311 2356 tate
336 2331 370 2357 et
396 2325 573 2357 Dederich:
609 2326 791 2366 rapiditate
818 2325 869 2367 [et
894 2325 1087 2367 celeritate]
1113 2324 1309 2356 Eberhard:
1344 2334 1369 2356 r.
1388 2324 1526 2363 linguae
1549 2332 1578 2355 c.

245 2368 414 2401 Weidner:
451 2381 491 2401 ea
519 2370 593 2410 ipsa
621 2380 648 2401 e.
669 2369 808 2401 Martha
1021 2370 1060 2400 18
1083 2369 1235 2408 gravitas
1263 2367 1311 2399 C:
1343 2367 1492 2407 dignitas
1506 2365 1578 2398 P¹t

239 2414 415 2453 granditas
441 2414 480 2455 (l.
501 2414 563 2454 17)
590 2437 598 2445 .
635 2437 643 2445 .
669 2437 677 2445 .
708 2413 856 2453 gravitas
889 2412 1010 2445 Orelli:
1044 2413 1195 2454 gravitas
1221 2436 1228 2444 .
1257 2436 1265 2445 .
1294 2434 1302 2445 .
1332 2411 1472 2443 castitas
1499 2410 1578 2444 com'.

238 2457 364 2498 Stangl
493 2457 535 2488 28
560 2467 624 2489 nec
639 2467 823 2498 augeamus
842 2456 905 2489 OG
