1630 2730
685 150 904 189 BRVTVS
1404 151 1462 190 68

127 274 266 301 causas
289 260 447 308 diceret,
469 262 704 301 adulescens
728 267 787 300 est
807 260 1074 300 mortuus—is
1098 267 1232 300 tamen
1255 263 1307 301 ad
1330 262 1464 302 dicen-

127 328 223 366 dum
239 326 423 366 veniebat
438 326 562 377 magis
577 327 765 365 audacter
779 340 899 377 quam
914 334 1104 377 parate—
1117 341 1128 376 3
1150 334 1190 366 et
1204 328 1249 367 C.
1266 327 1459 375 Staienus,

127 391 195 442 qui
215 405 256 431 se
275 391 361 442 ipse
379 392 636 442 adoptaverat
654 398 694 431 et
713 392 764 431 de
785 391 946 431 Staieno
961 391 1120 431 Aelium
1139 393 1295 440 fecerat,
1310 392 1461 432 fervido

8 507 11 512 ι
126 458 302 508 quodam
331 464 370 496 et
393 456 586 508 petulanti
614 464 653 496 et
676 456 825 496 furioso
850 470 994 508 genere
1020 457 1181 496 dicendi
1195 471 1206 506 3
1235 459 1345 508 quod
1368 458 1461 508 quia

20 527 21 530 ’
87 535 105 567 5
125 521 258 561 multis
285 529 439 573 gratum
469 529 551 561 erat
579 529 618 560 et
642 522 894 573 probabatur,
922 521 1166 562 ascendisset
1193 524 1245 562 ad
1274 523 1456 570 honores,

26 583 27 586 '
124 586 200 626 nisi
232 586 272 626 in
302 587 475 626 facinore
509 586 719 626 manifesto
749 588 1020 637 deprehensus
1053 600 1202 638 poenas
1234 586 1387 638 legibus
1419 595 1458 627 et

124 651 272 692 iudicio
305 652 492 692 dedisset.
554 653 711 691 Eodem
744 659 923 703 tempore
952 653 997 693 C.
1030 654 1073 691 L.
1106 652 1290 704 Caepasii
1321 654 1457 692 fratres

122 719 290 766 fuerunt,
313 717 382 768 qui
409 719 532 756 multa
557 730 688 768 opera,
709 717 832 768 ignoti
852 717 1035 757 homines
1055 725 1094 757 et
1113 717 1323 769 repentini,
1343 732 1459 769 quae-

12 830 21 836 st
123 790 247 822 stores
278 782 455 822 celeriter
485 782 578 822 facti
611 790 713 831 sunt,
741 782 944 834 oppidano
974 784 1150 834 quodam
1184 790 1223 823 et
1251 783 1459 823 incondito

14 894 15 898 Ἰ
67 863 106 886 10
123 862 266 899 genere
299 847 472 887 dicendi.
529 848 739 887 Addamus
774 849 853 887 huc
887 847 1017 896 etiam,
1046 862 1097 888 ne
1131 862 1251 899 quem
1279 850 1459 888 vocalem

123 913 355 964 praeterisse
381 913 595 960 videamur,
617 914 662 953 C.
689 913 934 954 Cosconium
961 913 1229 963 Calidianum,
1252 914 1321 965 qui
1349 916 1459 954 nullo

123 979 307 1018 acumine
339 993 427 1018 eam
458 986 592 1018 tamen
620 979 831 1018 verborum
862 978 1032 1030 copiam,
1059 978 1091 1018 si
1123 992 1243 1030 quam
1273 980 1457 1028 habebat,

123 1045 338 1096 praebebat
384 1045 534 1095 populo
580 1057 672 1083 cum
720 1045 844 1083 multa
890 1044 1192 1084 concursatione
1234 1058 1460 1095 magnoque

27 1163 29 1165 ι
124 1111 308 1149 clamore.
366 1110 489 1159 Quod
515 1108 623 1148 idem
643 1109 813 1149 faciebat
833 1110 883 1159 Q.
901 1109 1047 1158 Arrius,
1066 1110 1133 1160 qui
1158 1109 1231 1148 fuit
1252 1111 1309 1148 M.
1328 1110 1460 1150 Crassi

10 1194 21 1212 ο
66 1192 106 1226 15
125 1174 237 1226 quasi
260 1176 535 1214 secundarum.
596 1176 636 1213 Is
663 1174 850 1214 omnibus
876 1176 1058 1226 exemplo
1085 1175 1205 1214 debet
1228 1188 1314 1215 esse
1337 1188 1459 1225 quan-

31 1231 33 1246 ³
123 1247 208 1279 tum
236 1240 278 1279 in
307 1241 382 1279 hac
410 1240 508 1279 urbe
535 1241 682 1291 polleat
708 1241 923 1279 multorum
952 1240 1142 1280 oboedire
1165 1240 1335 1291 tempori
1360 1241 1458 1278 mul-

122 1313 332 1356 torumque
351 1306 413 1344 vel
436 1305 578 1344 honori
603 1307 665 1344 vel
687 1304 863 1356 periculo
889 1305 1042 1344 servire.
1102 1304 1180 1344 His
1207 1305 1313 1344 enim
1339 1306 1456 1344 rebus

122 1370 260 1410 infimo
285 1372 375 1411 loco
404 1378 519 1410 natus
547 1378 586 1410 et
610 1373 781 1411 honores
810 1378 849 1410 et
875 1371 1086 1422 pecuniam
1112 1378 1151 1411 et
1176 1370 1340 1422 gratiam
1367 1385 1459 1410 con-

8 1478 37 1496 ‚⁷
122 1444 280 1475 secutus
307 1437 425 1476 etiam
449 1436 490 1475 in
510 1435 908 1487 patronorum—sine
927 1436 1118 1484 doctrina,
1140 1436 1224 1476 sine
1243 1435 1459 1487 ingenio—

63 1521 105 1545 20
122 1501 295 1553 aliquem
322 1515 530 1541 numerum
554 1509 796 1553 pervenerat.
854 1503 934 1542 Sed
958 1509 1002 1541 ut
1024 1502 1176 1554 pugiles
1202 1501 1455 1549 inexercitati,

122 1567 241 1607 etiam
262 1568 294 1607 si
313 1581 468 1620 pugnos
492 1575 531 1607 et
550 1570 684 1619 plagas
706 1568 983 1620 Olympiorum
1004 1568 1139 1620 cupidi
1158 1570 1257 1608 ferre
1276 1575 1459 1618 possunt,

121 1634 246 1672 solem
266 1640 400 1672 tamen
422 1646 539 1683 saepe
561 1634 659 1673 ferre
678 1647 759 1673 non
780 1641 958 1684 possunt,
976 1633 1032 1673 sic
1052 1633 1117 1673 ille
1136 1647 1227 1672 eum
1248 1632 1358 1672 omni
1378 1632 1456 1671 iam

120 1699 277 1738 fortuna
302 1711 489 1749 prospere
517 1699 676 1737 functus
701 1699 856 1738 labores
882 1698 1002 1737 etiam
1033 1711 1197 1749 magnos
1225 1697 1454 1749 excepisset,

11 1798 27 1816 ἓ,
120 1763 224 1802 illius
243 1763 436 1803 iudicialis
455 1763 551 1802 anni
570 1763 818 1803 severitatem
838 1763 951 1814 quasi
972 1765 1095 1803 solem
1116 1777 1198 1802 non
1218 1763 1318 1802 tulit.

63 1847 102 1880 ²5
175 1831 280 1868 Tum
302 1828 482 1868 Atticus:
511 1830 576 1867 Tu
601 1828 764 1879 quidem
793 1830 844 1868 de
869 1830 989 1876 faece,
1011 1828 1150 1879 inquit,
1176 1828 1307 1868 hauris
1332 1827 1455 1879 idque

18 1890 37 1952 ἐξ
121 1894 198 1933 iam
220 1896 389 1942 dudum,
407 1895 478 1933 sed
499 1895 679 1934 tacebam
694 1909 705 1943 3
733 1895 810 1934 hoc
829 1908 922 1934 vero
945 1908 1027 1934 non
1045 1895 1248 1945 putabam,
1270 1901 1309 1934 te
1329 1907 1455 1945 usque

34 1958 39 1962 “
119 1961 171 1999 ad
207 1959 387 1999 Staienos
421 1967 460 1999 et
487 1959 704 1999 Autronios
737 1973 824 1999 esse
856 1967 1077 1999 venturum.
1140 1961 1235 1999 Non
1263 1967 1372 2011 puto,
1400 1959 1456 1998 in-

120 2038 251 2076 quam,
273 2024 494 2064 existimare
514 2032 552 2064 te
575 2025 794 2065 ambitione
820 2039 884 2065 me
907 2024 997 2073 labi,
1020 2024 1168 2076 quippe
1187 2025 1238 2064 de
1265 2024 1454 2073 mortuis3

121 2091 192 2130 sed
225 2090 406 2130 ordinem
446 2103 616 2142 sequens
654 2090 696 2129 in
734 2090 967 2130 memoriam
1006 2098 1142 2130 notam
1175 2097 1215 2129 et
1245 2092 1453 2141 aequalem

9 2173 39 2210 {³5
63 2175 102 2207 3³
120 2155 342 2195 necessario
381 2155 549 2195 incurro.
607 2157 712 2195 Volo
753 2163 887 2195 autem
927 2157 1005 2196 hoc
1045 2155 1226 2208 perspici,
1267 2156 1453 2196 omnibus

120 2220 362 2272 conquisitis,
395 2221 464 2272 qui
498 2220 539 2260 in
572 2221 826 2261 multitudine
859 2221 991 2262 dicere
1023 2221 1108 2261 ausi
1141 2221 1228 2269 sint,
1262 2220 1453 2262 memoria

120 2285 283 2336 quidem
330 2286 471 2338 dignos
513 2301 746 2338 perpaucos,
791 2301 928 2327 verum
975 2287 1044 2339 qui
1093 2287 1258 2327 omnino
1303 2300 1452 2327 nomen

167 2391 207 2422 16
230 2391 410 2424 multorum
435 2391 503 2424 secl.
534 2392 656 2424 Gruter
784 2402 826 2433 32
850 2392 1011 2434 indignos
1037 2391 1151 2424 BHM
1235 2402 1353 2424 verum
1379 2391 1449 2423 secl.

7 2363 40 2486 ξ
120 2433 263 2476 Madvig
348 2436 455 2467 videri
474 2437 596 2467 maluit
610 2435 737 2478 Stangl

12 2487 42 2527 ἐξ

4 2564 33 2609 Ξ

1482 167 1542 200 241

1475 625 1534 672 69

1478 695 1541 726 242

1477 1322 1540 1354 243

1475 1845 1539 1876 244
