1696 2730
155 145 215 192 69
237 161 298 193 231
597 149 654 187 M.
695 149 866 189 TVLLI
906 150 1216 191 CICERONIS

231 266 368 292 corum
397 254 599 293 rhetorum
628 254 826 306 principes
856 256 1066 296 Hierocles
1100 264 1138 296 et
1173 258 1378 296 Menecles
1409 256 1573 296 minime

230 332 319 357 mea
349 319 546 358 sententia
574 321 870 364 contemnendi.
930 322 1017 361 Etsi
1045 322 1152 362 enim
1186 336 1210 361 a
1242 324 1369 362 forma
1400 322 1573 362 veritatis

230 391 269 423 et
298 385 351 423 ab
381 384 606 424 Atticorum
640 387 773 437 regula
810 388 966 436 absunt,
1002 395 1137 427 tamen
1174 389 1252 427 hoc
1290 387 1431 427 vitium
1469 401 1574 427 com-

229 458 399 501 pensant
418 452 480 490 vel
500 452 687 490 facultate
707 454 769 491 vel
789 452 930 504 copia.'
975 454 1054 492 Sed
1080 454 1189 504 apud
1215 467 1284 492 eos
1303 453 1469 493 varietas
1492 467 1575 493 non

230 523 322 564 erat,
338 517 447 566 quod
463 515 597 555 omnia
612 517 692 556 fere
709 518 1051 556 concludebantur
1062 531 1144 556 uno
1159 519 1294 557 modo.
1353 519 1468 568 Quae
1483 517 1576 557 vitia
1595 537 1614 570 5

230 581 299 632 qui
329 581 480 632 fugerit,
502 589 546 620 ut
570 595 702 633 neque
721 582 887 621 verbum
913 582 967 622 ita
990 582 1141 622 traiciat
1167 590 1210 622 ut
1238 582 1280 622 id
1309 584 1360 622 de
1382 583 1576 623 industria

230 648 379 686 factum
421 647 681 698 intellegatur,
720 662 852 699 neque
893 648 1103 688 inferciens
1144 650 1265 688 verba
1308 648 1421 699 quasi
1457 648 1575 688 rimas

232 715 397 764 expleat,
412 727 487 752 nec
503 713 677 753 minutos
693 727 880 753 numeros
896 727 1067 765 sequens
1083 714 1270 754 concidat
1289 714 1575 765 delumbetque

232 779 459 827 sententias,
490 793 565 818 nec
594 779 679 819 sine
708 781 787 819 ulla
819 779 1134 819 commutatione
1167 780 1208 818 in
1242 781 1387 819 eodem
1420 793 1576 831 semper

231 853 407 884 versetur
436 859 580 897 genere
610 857 877 893 numerorum,
911 845 943 884 is
978 845 1114 885 omnia
1146 847 1226 885 fere
1259 845 1353 884 vitia
1384 845 1573 885 vitaverit.
1597 863 1636 885 10

235 913 341 949 Nam
362 911 413 950 de
432 910 618 950 laudibus
638 913 763 949 multa
789 911 970 960 diximus,
993 912 1138 963 quibus
1166 919 1258 951 sunt
1285 911 1352 951 illa
1370 911 1577 963 perspicue

236 977 329 1016 vitia
359 976 564 1016 contraria.
623 978 831 1027 Quantum
861 984 996 1016 autem
1027 977 1076 1016 sit
1112 985 1205 1029 apte
1238 977 1382 1026 dicere,
1414 976 1579 1029 experiri

234 1043 337 1091 licet,
360 1043 392 1082 si
411 1051 479 1082 aut
499 1042 710 1094 compositi
729 1043 894 1082 oratoris
913 1044 1017 1083 bene
1043 1050 1232 1083 structam
1258 1042 1578 1083 conlocationem

233 1108 426 1148 dissolvas
479 1108 770 1160 permutatione
822 1109 1057 1158 verborum·
1075 1132 1128 1137 ——
1147 1116 1421 1161 corrumpatur
1470 1108 1578 1148 enim

234 1183 318 1214 tota
355 1188 427 1223 res,
460 1182 503 1214 ut
542 1172 615 1228 [et]
654 1175 753 1213 haec
790 1182 925 1213 nostra
962 1173 1003 1213 in
1043 1174 1281 1215 Corneliana
1318 1182 1357 1213 et
1388 1173 1578 1226 deinceps
1597 1187 1635 1221 15
1687 1183 1696 1226 ὲ

234 1240 370 1280 omnia
388 1256 395 1280 :
426 1242 570 1291 Neque
590 1254 654 1279 me
673 1239 834 1279 divitiae
854 1247 1027 1288 movent,
1048 1239 1194 1291 quibus
1213 1239 1343 1279 omnis
1369 1239 1578 1279 Africanos
1688 1230 1696 1239 ⁴

234 1315 273 1346 et
307 1306 464 1346 Laelios
496 1306 610 1345 multi
639 1305 821 1346 venalicii
852 1314 1170 1357 mercatoresque
1203 1313 1462 1356 superarunt:
1509 1305 1579 1344 im-

236 1380 346 1411 muta
374 1373 591 1423 paululum,
614 1379 657 1410 ut
686 1371 735 1410 sit
765 1371 878 1410 multi
907 1379 1140 1423 superarunt
1169 1379 1406 1411 mercatores
1436 1371 1580 1411 venali-

235 1438 376 1489 ciique,
399 1438 556 1490 perierit
583 1445 666 1477 tota
694 1451 783 1486 res;
815 1445 854 1477 et
878 1451 980 1488 quae
1009 1445 1251 1488 sequuntur:
1295 1439 1440 1488 Neque
1459 1436 1578 1476 vestis

234 1512 302 1544 aut
322 1506 517 1544 caelatum
537 1518 678 1543 aurum
698 1511 737 1543 et
764 1511 982 1555 argentum,
1005 1518 1086 1555 quo
1114 1511 1270 1543 nostros
1298 1511 1449 1543 veteres
1475 1504 1578 1543 Mar·
1597 1517 1638 1540 20

234 1573 356 1611 cellos
378 1571 658 1621 Maximosque
678 1570 791 1609 multi
811 1570 986 1610 eunuchi
1014 1584 1036 1609 e
1063 1570 1172 1621 Syria
1197 1572 1460 1621 Aegyptoque
1478 1569 1580 1609 vice-

235 1644 326 1676 runt
340 1651 351 1685 3
390 1637 509 1676 verba
542 1644 725 1688 permuta
755 1636 822 1684 sic,
853 1644 897 1675 ut
925 1636 974 1675 sit
1006 1636 1185 1675 vicerunt
1214 1635 1388 1675 eunuchi
1417 1649 1440 1675 e
1471 1635 1580 1686 Syria

236 1705 523 1754 Aegyptoque:
566 1704 671 1742 adde
709 1702 895 1742 tertium:
936 1704 1080 1753 Neque
1110 1716 1203 1741 vero
1241 1708 1474 1741 ornamenta
1506 1701 1581 1740 ista

236 1769 426 1817 villarum,
459 1768 605 1819 quibus
639 1770 683 1808 L.
716 1770 899 1807 Paullum
933 1775 972 1807 et
1004 1770 1047 1807 L.
1081 1767 1336 1815 Mummium,
1365 1766 1433 1818 qui
1461 1767 1579 1806 rebus

236 1834 297 1874 his
327 1835 466 1873 urbem
498 1834 736 1886 Italiamque
765 1848 926 1874 ornnem
956 1835 1203 1882 referserunt,
1224 1833 1275 1873 ab
1304 1833 1438 1884 aliquo
1461 1832 1579 1872 video
1598 1843 1638 1876 ²5
1674 1824 1677 1826 ’

237 1900 421 1951 perfacile
443 1900 608 1939 Deliaco
632 1908 701 1939 aut
724 1901 821 1950 Syro
850 1899 1026 1951 potuisse
1049 1899 1247 1950 superari,-
1274 1900 1337 1938 fac
1362 1898 1439 1938 ita:
1468 1906 1581 1950 potu-

159 1986 173 2007 2
180 1983 219 2015 33
237 1966 314 2005 isse
335 1965 509 2016 superari
528 1967 579 2005 ab
599 1966 734 2017 aliquo
754 1967 851 2017 Syro
870 1973 938 2005 aut
960 1965 1126 2004 Deliaco
1143 1980 1154 2015 5
1181 1964 1356 2013 videsne,
1378 1971 1422 2003 ut
1441 1964 1580 2004 ordine

238 2032 448 2070 verborum
472 2034 678 2083 paululum
705 2039 962 2079 commutato,
984 2031 1110 2070 isdem
1138 2038 1272 2070 tamen
1298 2029 1427 2070 verbis
1453 2036 1582 2069 stante

239 2097 446 2145 sententia,
478 2098 531 2136 ad
568 2097 736 2136 nihilum
775 2097 911 2137 omnia
942 2097 1132 2145 recidant,
1164 2110 1255 2136 cum
1289 2095 1367 2135 sint
1400 2109 1448 2135 ex
1479 2094 1581 2147 aptis

1691 462 1696 487 -...
1687 324 1696 452 ...mmm—r
1684 307 1686 311 ’

160 961 215 1001 70

151 1024 214 1056 ²3²

282 2212 301 2241 4
327 2201 487 2233 facultate
519 2201 572 2234 L.
610 2203 772 2235 facilitate
803 2203 932 2245 Stangl
1076 2213 1120 2243 9—
1126 2212 1166 2233 10
1189 2211 1268 2242 -per
1293 2204 1474 2232 versetur.
1507 2199 1584 2230 hinc

239 2245 350 2286 i'nctpzt
363 2246 471 2277 denuo
487 2246 552 2278 cod.
572 2246 606 2277 A
771 2258 812 2280 10
833 2248 916 2279 vitia
931 2246 1088 2278 vitaverit
1107 2245 1162 2277 L:
1184 2245 1355 2277 vitiaverit
1369 2244 1403 2274 A
1540 2253 1579 2274 11

239 2289 295 2320 illa
310 2290 399 2321 codd.
419 2290 491 2322 dett.
510 2289 673 2332 Madvig:
697 2291 764 2323 alia
779 2291 847 2323 AL
993 2301 1032 2331 13
1056 2290 1236 2330 compositi
1252 2289 1311 2320 A.
1335 2287 1535 2328 compositis
1550 2287 1580 2318 L

243 2344 282 2372 14
306 2334 474 2365 dissolvas
500 2334 533 2363 A
554 2345 562 2365 :
596 2335 760 2368 dissolvat
786 2336 817 2367 L
960 2338 1194 2374 corrumpatur
1218 2331 1313 2364 AL:
1347 2335 1582 2372 corrumpetur

239 2376 393 2408 Hoerner
482 2387 520 2418 15
546 2383 580 2410 et
596 2390 661 2411 om.
681 2381 715 2411 A
874 2379 981 2419 17—18
1003 2380 1143 2410 immuta
1160 2401 1167 2409 .
1188 2401 1196 2409 .
1214 2401 1222 2409 .
1242 2380 1447 2417 superarunt
1461 2386 1526 2408 om.
1544 2375 1578 2406 A

240 2421 283 2451 28
308 2421 417 2453 isdem
433 2427 547 2453 tamen
564 2424 678 2455 verbis
693 2425 726 2455 A
745 2436 752 2456 :
778 2424 886 2457 isdem
902 2423 1015 2457 verbis
1029 2424 1072 2464 L,
1090 2425 1158 2456 secl.
1174 2423 1266 2455 Bake
