<?xml version="1.0" encoding="UTF-8"?>
<!DOCTYPE html PUBLIC "-//W3C//DTD XHTML 1.0 Transitional//EN"
    "http://www.w3.org/TR/xhtml1/DTD/xhtml1-transitional.dtd">
<html xmlns="http://www.w3.org/1999/xhtml" xml:lang="en" lang="en">
 <head>
  <title>
</title>
<meta http-equiv="Content-Type" content="text/html;charset=utf-8" />
  <meta name='ocr-system' content='tesseract 3.04.00' />
  <meta name='ocr-capabilities' content='ocr_page ocr_carea ocr_par ocr_line ocrx_word'/>
</head>
<body>
  <div class='ocr_page' id='page_1' title='image "./rhetoricarecogno02ciceuoft_0240.png"; bbox 0 0 1696 2730; ppageno 0'>
   <div class='ocr_carea' id='block_1_1' title="bbox 140 143 1246 191">
    <p class='ocr_par' dir='ltr' id='par_1_1' title="bbox 140 143 1246 191">
     <span class='ocr_line' id='line_1_1' title="bbox 140 143 1246 191; baseline 0.003 -11"><span class='ocrx_word' id='word_1_1' title='bbox 140 152 188 191; x_wconf 85' lang='lat'>24</span> <span class='ocrx_word' id='word_1_2' title='bbox 214 149 256 181; x_wconf 91' lang='lat'>86</span> <span class='ocrx_word' id='word_1_3' title='bbox 602 144 662 182; x_wconf 89' lang='lat' dir='ltr'>M.</span> <span class='ocrx_word' id='word_1_4' title='bbox 692 144 864 182; x_wconf 93' lang='lat' dir='ltr'>TVLLI</span> <span class='ocrx_word' id='word_1_5' title='bbox 895 143 1208 183; x_wconf 88' lang='lat' dir='ltr'>CICERONIS</span> <span class='ocrx_word' id='word_1_6' title='bbox 1242 147 1246 151; x_wconf 85' lang='lat'>&#39;</span> 
     </span>
    </p>
   </div>
   <div class='ocr_carea' id='block_1_2' title="bbox 141 254 1604 2338">
    <p class='ocr_par' dir='ltr' id='par_1_2' title="bbox 141 254 1604 2338">
     <span class='ocr_line' id='line_1_2' title="bbox 208 254 1544 307; baseline 0.001 -13"><span class='ocrx_word' id='word_1_7' title='bbox 208 268 311 306; x_wconf 92' lang='lat' dir='ltr'>quae</span> <span class='ocrx_word' id='word_1_8' title='bbox 331 254 404 294; x_wconf 89' lang='lat' dir='ltr'>sita</span> <span class='ocrx_word' id='word_1_9' title='bbox 424 263 515 294; x_wconf 89' lang='lat' dir='ltr'>sunt</span> <span class='ocrx_word' id='word_1_10' title='bbox 536 255 576 294; x_wconf 91' lang='lat' dir='ltr'>in</span> <span class='ocrx_word' id='word_1_11' title='bbox 597 255 736 295; x_wconf 84' lang='lat' dir='ltr'>officiis</span> <span class='ocrx_word' id='word_1_12' title='bbox 762 263 882 307; x_wconf 90' lang='lat' dir='ltr'>atque</span> <span class='ocrx_word' id='word_1_13' title='bbox 910 256 1132 304; x_wconf 90' lang='lat' dir='ltr'>virtutibus,</span> <span class='ocrx_word' id='word_1_14' title='bbox 1154 256 1241 302; x_wconf 90' lang='lat' dir='ltr'>alia,</span> <span class='ocrx_word' id='word_1_15' title='bbox 1263 257 1374 307; x_wconf 92' lang='lat' dir='ltr'>quod</span> <span class='ocrx_word' id='word_1_16' title='bbox 1393 255 1544 307; x_wconf 87' lang='lat' dir='ltr'>aliquid</span> 
     </span>
     <span class='ocr_line' id='line_1_3' title="bbox 145 320 1542 375; baseline 0.003 -18"><span class='ocrx_word' id='word_1_17' title='bbox 145 325 186 367; x_wconf 87' lang='lat'>87</span> <span class='ocrx_word' id='word_1_18' title='bbox 206 321 411 360; x_wconf 91' lang='lat' dir='ltr'>commodi</span> <span class='ocrx_word' id='word_1_19' title='bbox 449 321 635 370; x_wconf 84' lang='lat' dir='ltr'>efficiunt,</span> <span class='ocrx_word' id='word_1_20' title='bbox 670 329 713 360; x_wconf 93' lang='lat' dir='ltr'>ut</span> <span class='ocrx_word' id='word_1_21' title='bbox 752 335 848 372; x_wconf 90' lang='lat' dir='ltr'>opes</span> <span class='ocrx_word' id='word_1_22' title='bbox 886 329 925 361; x_wconf 94' lang='lat' dir='ltr'>et</span> <span class='ocrx_word' id='word_1_23' title='bbox 962 320 1130 375; x_wconf 72' lang='lat' dir='ltr'>copiae}</span> <span class='ocrx_word' id='word_1_24' title='bbox 1190 323 1340 360; x_wconf 90' lang='lat' dir='ltr'>Eorum</span> <span class='ocrx_word' id='word_1_25' title='bbox 1378 320 1542 375; x_wconf 89' lang='lat' dir='ltr'>autem[‚</span> 
     </span>
     <span class='ocr_line' id='line_1_4' title="bbox 205 385 1542 441; baseline 0.001 -16"><span class='ocrx_word' id='word_1_26' title='bbox 205 400 308 437; x_wconf 92' lang='lat' dir='ltr'>quae</span> <span class='ocrx_word' id='word_1_27' title='bbox 333 394 494 438; x_wconf 91' lang='lat' dir='ltr'>propter</span> <span class='ocrx_word' id='word_1_28' title='bbox 522 401 564 426; x_wconf 92' lang='lat' dir='ltr'>se</span> <span class='ocrx_word' id='word_1_29' title='bbox 593 385 859 440; x_wconf 89' lang='lat' dir='ltr'>expetuntur,]</span> <span class='ocrx_word' id='word_1_30' title='bbox 885 387 1028 441; x_wconf 86' lang='lat' dir='ltr'>partim</span> <span class='ocrx_word' id='word_1_31' title='bbox 1055 389 1262 427; x_wconf 89' lang='lat' dir='ltr'>honestate</span> <span class='ocrx_word' id='word_1_32' title='bbox 1287 387 1373 438; x_wconf 89' lang='lat' dir='ltr'>ipsa</span> <span class='ocrx_word' id='word_1_33' title='bbox 1400 387 1542 438; x_wconf 88' lang='lat' dir='ltr'>partim</span> 
     </span>
     <span class='ocr_line' id='line_1_5' title="bbox 204 452 1545 504; baseline 0.001 -13"><span class='ocrx_word' id='word_1_34' title='bbox 204 452 491 492; x_wconf 84' lang='lat' dir='ltr'>commoditate</span> <span class='ocrx_word' id='word_1_35' title='bbox 519 452 651 503; x_wconf 89' lang='lat' dir='ltr'>aliqua</span> <span class='ocrx_word' id='word_1_36' title='bbox 679 461 916 504; x_wconf 85' lang='lat' dir='ltr'>expetuntur</span> <span class='ocrx_word' id='word_1_37' title='bbox 931 468 942 502; x_wconf 83' lang='lat'>;</span> <span class='ocrx_word' id='word_1_38' title='bbox 987 454 1206 500; x_wconf 89' lang='lat' dir='ltr'>honestate,</span> <span class='ocrx_word' id='word_1_39' title='bbox 1239 466 1286 492; x_wconf 92' lang='lat' dir='ltr'>ea</span> <span class='ocrx_word' id='word_1_40' title='bbox 1323 466 1426 503; x_wconf 93' lang='lat' dir='ltr'>quae</span> <span class='ocrx_word' id='word_1_41' title='bbox 1458 466 1545 504; x_wconf 89' lang='lat' dir='ltr'>pro-</span> 
     </span>
     <span class='ocr_line' id='line_1_6' title="bbox 204 518 1579 570; baseline 0.001 -14"><span class='ocrx_word' id='word_1_42' title='bbox 204 518 433 557; x_wconf 85' lang='lat' dir='ltr'>ficiscuntur</span> <span class='ocrx_word' id='word_1_43' title='bbox 469 518 521 557; x_wconf 94' lang='lat' dir='ltr'>ab</span> <span class='ocrx_word' id='word_1_44' title='bbox 566 518 627 557; x_wconf 90' lang='lat' dir='ltr'>his</span> <span class='ocrx_word' id='word_1_45' title='bbox 665 518 873 558; x_wconf 87' lang='lat' dir='ltr'>virtutibus</span> <span class='ocrx_word' id='word_1_46' title='bbox 912 520 963 558; x_wconf 90' lang='lat' dir='ltr'>de</span> <span class='ocrx_word' id='word_1_47' title='bbox 1001 518 1145 570; x_wconf 90' lang='lat' dir='ltr'>quibus</span> <span class='ocrx_word' id='word_1_48' title='bbox 1189 520 1309 570; x_wconf 91' lang='lat' dir='ltr'>paulo</span> <span class='ocrx_word' id='word_1_49' title='bbox 1347 526 1440 558; x_wconf 89' lang='lat' dir='ltr'>ante</span> <span class='ocrx_word' id='word_1_50' title='bbox 1484 526 1544 559; x_wconf 89' lang='lat' dir='ltr'>est</span> <span class='ocrx_word' id='word_1_51' title='bbox 1563 531 1579 563; x_wconf 87' lang='lat'>5</span> 
     </span>
     <span class='ocr_line' id='line_1_7' title="bbox 204 583 1544 636; baseline 0.001 -14"><span class='ocrx_word' id='word_1_52' title='bbox 204 583 370 633; x_wconf 88' lang='lat' dir='ltr'>dictum,</span> <span class='ocrx_word' id='word_1_53' title='bbox 390 597 492 634; x_wconf 91' lang='lat' dir='ltr'>quae</span> <span class='ocrx_word' id='word_1_54' title='bbox 521 592 613 623; x_wconf 90' lang='lat' dir='ltr'>sunt</span> <span class='ocrx_word' id='word_1_55' title='bbox 644 584 858 624; x_wconf 83' lang='lat' dir='ltr'>laudabilia</span> <span class='ocrx_word' id='word_1_56' title='bbox 891 585 976 636; x_wconf 90' lang='lat' dir='ltr'>ipsa</span> <span class='ocrx_word' id='word_1_57' title='bbox 1009 598 1078 636; x_wconf 91' lang='lat' dir='ltr'>per</span> <span class='ocrx_word' id='word_1_58' title='bbox 1106 598 1193 623; x_wconf 90' lang='lat' dir='ltr'>sese</span> <span class='ocrx_word' id='word_1_59' title='bbox 1207 599 1218 633; x_wconf 80' lang='lat'><em>3</em></span> <span class='ocrx_word' id='word_1_60' title='bbox 1257 584 1544 624; x_wconf 87' lang='lat' dir='ltr'>commoditate</span> 
     </span>
     <span class='ocr_line' id='line_1_8' title="bbox 202 649 1543 701; baseline 0 -13"><span class='ocrx_word' id='word_1_61' title='bbox 202 658 336 688; x_wconf 88' lang='lat' dir='ltr'>autern</span> <span class='ocrx_word' id='word_1_62' title='bbox 365 649 498 700; x_wconf 89' lang='lat' dir='ltr'>aliqua</span> <span class='ocrx_word' id='word_1_63' title='bbox 526 663 629 700; x_wconf 91' lang='lat' dir='ltr'>quae</span> <span class='ocrx_word' id='word_1_64' title='bbox 658 658 750 689; x_wconf 90' lang='lat' dir='ltr'>sunt</span> <span class='ocrx_word' id='word_1_65' title='bbox 779 650 820 688; x_wconf 93' lang='lat' dir='ltr'>in</span> <span class='ocrx_word' id='word_1_66' title='bbox 849 650 1024 701; x_wconf 87' lang='lat' dir='ltr'>corporis</span> <span class='ocrx_word' id='word_1_67' title='bbox 1053 657 1120 689; x_wconf 90' lang='lat' dir='ltr'>aut</span> <span class='ocrx_word' id='word_1_68' title='bbox 1150 650 1190 688; x_wconf 92' lang='lat' dir='ltr'>in</span> <span class='ocrx_word' id='word_1_69' title='bbox 1219 651 1400 689; x_wconf 86' lang='lat' dir='ltr'>fortunae</span> <span class='ocrx_word' id='word_1_70' title='bbox 1427 649 1543 689; x_wconf 81' lang='lat' dir='ltr'>bo&#39;nis</span> 
     </span>
     <span class='ocr_line' id='line_1_9' title="bbox 203 716 1544 767; baseline 0.001 -14"><span class='ocrx_word' id='word_1_71' title='bbox 203 717 436 766; x_wconf 89' lang='lat' dir='ltr'>expetenda.</span> <span class='ocrx_word' id='word_1_72' title='bbox 487 717 669 766; x_wconf 87' lang='lat' dir='ltr'>Quorum</span> <span class='ocrx_word' id='word_1_73' title='bbox 690 716 766 755; x_wconf 89' lang='lat' dir='ltr'>alia</span> <span class='ocrx_word' id='word_1_74' title='bbox 785 724 876 756; x_wconf 89' lang='lat' dir='ltr'>sunt</span> <span class='ocrx_word' id='word_1_75' title='bbox 896 716 1010 767; x_wconf 87' lang='lat' dir='ltr'>quasi</span> <span class='ocrx_word' id='word_1_76' title='bbox 1029 716 1202 766; x_wconf 89' lang='lat' dir='ltr'>quadam</span> <span class='ocrx_word' id='word_1_77' title='bbox 1224 728 1315 754; x_wconf 92' lang='lat' dir='ltr'>cum</span> <span class='ocrx_word' id='word_1_78' title='bbox 1336 716 1544 755; x_wconf 90' lang='lat' dir='ltr'>honestate</span> 
     </span>
     <span class='ocr_line' id='line_1_10' title="bbox 204 780 1544 832; baseline 0.001 -13"><span class='ocrx_word' id='word_1_79' title='bbox 204 780 429 829; x_wconf 87' lang='lat' dir='ltr'>coniuncta,</span> <span class='ocrx_word' id='word_1_80' title='bbox 451 789 494 820; x_wconf 92' lang='lat' dir='ltr'>ut</span> <span class='ocrx_word' id='word_1_81' title='bbox 522 783 663 829; x_wconf 86' lang='lat' dir='ltr'>honos,</span> <span class='ocrx_word' id='word_1_82' title='bbox 685 790 728 821; x_wconf 90' lang='lat' dir='ltr'>ut</span> <span class='ocrx_word' id='word_1_83' title='bbox 756 781 882 832; x_wconf 89' lang='lat' dir='ltr'>gloria·</span> <span class='ocrx_word' id='word_1_84' title='bbox 895 796 906 831; x_wconf 83' lang='lat'>;</span> <span class='ocrx_word' id='word_1_85' title='bbox 934 781 1010 820; x_wconf 91' lang='lat' dir='ltr'>alia</span> <span class='ocrx_word' id='word_1_86' title='bbox 1039 781 1203 828; x_wconf 91' lang='lat' dir='ltr'>diversa,</span> <span class='ocrx_word' id='word_1_87' title='bbox 1225 788 1269 819; x_wconf 89' lang='lat' dir='ltr'>ut</span> <span class='ocrx_word' id='word_1_88' title='bbox 1287 780 1388 820; x_wconf 89' lang='lat' dir='ltr'>vires</span> <span class='ocrx_word' id='word_1_89' title='bbox 1416 782 1544 820; x_wconf 89' lang='lat' dir='ltr'>forma</span> 
     </span>
     <span class='ocr_line' id='line_1_11' title="bbox 143 846 1603 903; baseline 0.001 -18"><span class='ocrx_word' id='word_1_90' title='bbox 143 872 184 903; x_wconf 80' lang='lat'>38</span> <span class='ocrx_word' id='word_1_91' title='bbox 204 848 405 896; x_wconf 84' lang='lat' dir='ltr'>valetudo,</span> <span class='ocrx_word' id='word_1_92' title='bbox 427 855 470 886; x_wconf 87' lang='lat' dir='ltr'>ut</span> <span class='ocrx_word' id='word_1_93' title='bbox 498 847 686 887; x_wconf 88' lang='lat' dir='ltr'>nobilitas</span> <span class='ocrx_word' id='word_1_94' title='bbox 715 847 874 887; x_wconf 89' lang='lat' dir='ltr'>divitiae</span> <span class='ocrx_word' id='word_1_95' title='bbox 903 847 1121 887; x_wconf 83' lang='lat' dir='ltr'>clientelae.</span> <span class='ocrx_word' id='word_1_96' title='bbox 1182 849 1254 886; x_wconf 91' lang='lat' dir='ltr'>Est</span> <span class='ocrx_word' id='word_1_97' title='bbox 1282 846 1400 886; x_wconf 90' lang='lat' dir='ltr'>etiam</span> <span class='ocrx_word' id='word_1_98' title='bbox 1426 860 1544 898; x_wconf 88' lang='lat' dir='ltr'>quae·</span> <span class='ocrx_word' id='word_1_99' title='bbox 1566 858 1603 881; x_wconf 84' lang='lat'>10</span> 
     </span>
     <span class='ocr_line' id='line_1_12' title="bbox 202 911 1544 963; baseline 0 -12"><span class='ocrx_word' id='word_1_100' title='bbox 202 913 295 951; x_wconf 91' lang='lat' dir='ltr'>dam</span> <span class='ocrx_word' id='word_1_101' title='bbox 317 912 430 963; x_wconf 89' lang='lat' dir='ltr'>quasi</span> <span class='ocrx_word' id='word_1_102' title='bbox 451 912 633 952; x_wconf 91' lang='lat' dir='ltr'>materies</span> <span class='ocrx_word' id='word_1_103' title='bbox 649 913 828 952; x_wconf 90' lang='lat' dir='ltr'>subiecta</span> <span class='ocrx_word' id='word_1_104' title='bbox 847 912 1056 960; x_wconf 86' lang='lat' dir='ltr'>honestati,</span> <span class='ocrx_word' id='word_1_105' title='bbox 1080 926 1182 963; x_wconf 90' lang='lat' dir='ltr'>quae</span> <span class='ocrx_word' id='word_1_106' title='bbox 1204 911 1373 951; x_wconf 85' lang='lat' dir='ltr'>maxime</span> <span class='ocrx_word' id='word_1_107' title='bbox 1393 919 1544 963; x_wconf 55' lang='lat' dir='ltr'>specta-&lt;-</span> 
     </span>
     <span class='ocr_line' id='line_1_13' title="bbox 202 977 1542 1018; baseline 0.001 -2"><span class='ocrx_word' id='word_1_108' title='bbox 202 986 264 1016; x_wconf 87' lang='lat' dir='ltr'>tur</span> <span class='ocrx_word' id='word_1_109' title='bbox 279 977 319 1016; x_wconf 91' lang='lat' dir='ltr'>in</span> <span class='ocrx_word' id='word_1_110' title='bbox 335 978 528 1017; x_wconf 87' lang='lat' dir='ltr'>amicitiis.</span> <span class='ocrx_word' id='word_1_111' title='bbox 569 978 781 1018; x_wconf 88' lang='lat' dir='ltr'>Amicitiae</span> <span class='ocrx_word' id='word_1_112' title='bbox 796 986 929 1018; x_wconf 91' lang='lat' dir='ltr'>autem</span> <span class='ocrx_word' id='word_1_113' title='bbox 943 978 1104 1018; x_wconf 90' lang='lat' dir='ltr'>caritate</span> <span class='ocrx_word' id='word_1_114' title='bbox 1119 986 1158 1017; x_wconf 90' lang='lat' dir='ltr'>et</span> <span class='ocrx_word' id='word_1_115' title='bbox 1169 991 1304 1017; x_wconf 90' lang='lat' dir='ltr'>amore</span> <span class='ocrx_word' id='word_1_116' title='bbox 1317 985 1542 1017; x_wconf 89' lang='lat' dir='ltr'>cernuntur.</span> 
     </span>
     <span class='ocr_line' id='line_1_14' title="bbox 204 1043 1544 1096; baseline 0 -14"><span class='ocrx_word' id='word_1_117' title='bbox 204 1045 309 1082; x_wconf 92' lang='lat' dir='ltr'>Nam</span> <span class='ocrx_word' id='word_1_118' title='bbox 330 1058 421 1083; x_wconf 92' lang='lat' dir='ltr'>cum</span> <span class='ocrx_word' id='word_1_119' title='bbox 442 1045 608 1083; x_wconf 92' lang='lat' dir='ltr'>deorum</span> <span class='ocrx_word' id='word_1_120' title='bbox 635 1052 720 1084; x_wconf 90' lang='lat' dir='ltr'>tum</span> <span class='ocrx_word' id='word_1_121' title='bbox 750 1052 958 1096; x_wconf 84' lang='lat' dir='ltr'>parentum</span> <span class='ocrx_word' id='word_1_122' title='bbox 985 1043 1214 1095; x_wconf 85' lang='lat' dir='ltr'>patriaeque</span> <span class='ocrx_word' id='word_1_123' title='bbox 1242 1044 1371 1083; x_wconf 88' lang='lat' dir='ltr'>cultus</span> <span class='ocrx_word' id='word_1_124' title='bbox 1391 1057 1544 1083; x_wconf 85' lang='lat' dir='ltr'>eorum·</span> 
     </span>
     <span class='ocr_line' id='line_1_15' title="bbox 202 1108 1542 1161; baseline 0 -14"><span class='ocrx_word' id='word_1_125' title='bbox 202 1122 281 1159; x_wconf 93' lang='lat' dir='ltr'>que</span> <span class='ocrx_word' id='word_1_126' title='bbox 318 1108 529 1148; x_wconf 85' lang='lat' dir='ltr'>hominurn</span> <span class='ocrx_word' id='word_1_127' title='bbox 559 1109 627 1160; x_wconf 92' lang='lat' dir='ltr'>qui</span> <span class='ocrx_word' id='word_1_128' title='bbox 665 1117 733 1148; x_wconf 91' lang='lat' dir='ltr'>aut</span> <span class='ocrx_word' id='word_1_129' title='bbox 767 1109 960 1161; x_wconf 88' lang='lat' dir='ltr'>sapientia</span> <span class='ocrx_word' id='word_1_130' title='bbox 987 1116 1055 1148; x_wconf 91' lang='lat' dir='ltr'>aut</span> <span class='ocrx_word' id='word_1_131' title='bbox 1085 1109 1229 1159; x_wconf 88' lang='lat' dir='ltr'>opibus</span> <span class='ocrx_word' id='word_1_132' title='bbox 1263 1110 1461 1148; x_wconf 89' lang='lat' dir='ltr'>excellunt</span> <span class='ocrx_word' id='word_1_133' title='bbox 1490 1109 1542 1148; x_wconf 90' lang='lat' dir='ltr'>ad</span> 
     </span>
     <span class='ocr_line' id='line_1_16' title="bbox 202 1174 1600 1226; baseline 0.001 -13"><span class='ocrx_word' id='word_1_134' title='bbox 202 1174 406 1214; x_wconf 89' lang='lat' dir='ltr'>caritatem</span> <span class='ocrx_word' id='word_1_135' title='bbox 427 1175 557 1214; x_wconf 87' lang='lat' dir='ltr'>referri</span> <span class='ocrx_word' id='word_1_136' title='bbox 577 1177 717 1215; x_wconf 88' lang='lat' dir='ltr'>solent.</span> <span class='ocrx_word' id='word_1_137' title='bbox 777 1175 978 1226; x_wconf 87' lang='lat' dir='ltr'>Coniuges</span> <span class='ocrx_word' id='word_1_138' title='bbox 997 1182 1131 1214; x_wconf 90' lang='lat' dir='ltr'>autem</span> <span class='ocrx_word' id='word_1_139' title='bbox 1152 1182 1191 1214; x_wconf 92' lang='lat' dir='ltr'>et</span> <span class='ocrx_word' id='word_1_140' title='bbox 1217 1174 1329 1214; x_wconf 92' lang='lat' dir='ltr'>liberi</span> <span class='ocrx_word' id='word_1_141' title='bbox 1349 1182 1388 1214; x_wconf 89' lang='lat' dir='ltr'>et</span> <span class='ocrx_word' id='word_1_142' title='bbox 1406 1175 1543 1215; x_wconf 89' lang='lat' dir='ltr'>fratres</span> <span class='ocrx_word' id='word_1_143' title='bbox 1564 1186 1600 1223; x_wconf 56' lang='lat'>35</span> 
     </span>
     <span class='ocr_line' id='line_1_17' title="bbox 202 1240 1543 1292; baseline 0.001 -14"><span class='ocrx_word' id='word_1_144' title='bbox 202 1247 241 1279; x_wconf 89' lang='lat' dir='ltr'>et</span> <span class='ocrx_word' id='word_1_145' title='bbox 287 1240 353 1279; x_wconf 89' lang='lat' dir='ltr'>alii</span> <span class='ocrx_word' id='word_1_146' title='bbox 400 1254 501 1291; x_wconf 90' lang='lat' dir='ltr'>quos</span> <span class='ocrx_word' id='word_1_147' title='bbox 548 1254 642 1279; x_wconf 88' lang='lat' dir='ltr'>usus</span> <span class='ocrx_word' id='word_1_148' title='bbox 686 1240 1009 1291; x_wconf 87' lang='lat' dir='ltr'>familiaritasque</span> <span class='ocrx_word' id='word_1_149' title='bbox 1047 1240 1253 1280; x_wconf 88' lang='lat' dir='ltr'>coniunxit</span> <span class='ocrx_word' id='word_1_150' title='bbox 1298 1253 1543 1292; x_wconf 86' lang='lat' dir='ltr'>quamquam</span> 
     </span>
     <span class='ocr_line' id='line_1_18' title="bbox 202 1305 1542 1356; baseline 0.001 -13"><span class='ocrx_word' id='word_1_151' title='bbox 202 1305 321 1344; x_wconf 88' lang='lat' dir='ltr'>etiam</span> <span class='ocrx_word' id='word_1_152' title='bbox 348 1305 508 1345; x_wconf 90' lang='lat' dir='ltr'>caritate</span> <span class='ocrx_word' id='word_1_153' title='bbox 535 1306 621 1356; x_wconf 89' lang='lat' dir='ltr'>ipsa</span> <span class='ocrx_word' id='word_1_154' title='bbox 649 1314 783 1345; x_wconf 90' lang='lat' dir='ltr'>tamen</span> <span class='ocrx_word' id='word_1_155' title='bbox 809 1320 944 1345; x_wconf 91' lang='lat' dir='ltr'>amore</span> <span class='ocrx_word' id='word_1_156' title='bbox 971 1305 1141 1345; x_wconf 88' lang='lat' dir='ltr'>maxime</span> <span class='ocrx_word' id='word_1_157' title='bbox 1167 1305 1432 1345; x_wconf 89' lang='lat' dir='ltr'>continentur.</span> <span class='ocrx_word' id='word_1_158' title='bbox 1492 1307 1542 1344; x_wconf 91' lang='lat' dir='ltr'>In</span> 
     </span>
     <span class='ocr_line' id='line_1_19' title="bbox 202 1370 1543 1422; baseline 0.001 -13"><span class='ocrx_word' id='word_1_159' title='bbox 202 1370 263 1409; x_wconf 87' lang='lat' dir='ltr'>his</span> <span class='ocrx_word' id='word_1_160' title='bbox 294 1370 410 1421; x_wconf 91' lang='lat' dir='ltr'>igitur</span> <span class='ocrx_word' id='word_1_161' title='bbox 439 1372 556 1410; x_wconf 89' lang='lat' dir='ltr'>rebus</span> <span class='ocrx_word' id='word_1_162' title='bbox 587 1385 679 1410; x_wconf 93' lang='lat' dir='ltr'>cum</span> <span class='ocrx_word' id='word_1_163' title='bbox 713 1372 820 1411; x_wconf 93' lang='lat' dir='ltr'>bona</span> <span class='ocrx_word' id='word_1_164' title='bbox 854 1371 943 1420; x_wconf 91' lang='lat' dir='ltr'>sint,</span> <span class='ocrx_word' id='word_1_165' title='bbox 972 1371 1086 1411; x_wconf 89' lang='lat' dir='ltr'>facile</span> <span class='ocrx_word' id='word_1_166' title='bbox 1114 1379 1173 1410; x_wconf 87' lang='lat' dir='ltr'>est</span> <span class='ocrx_word' id='word_1_167' title='bbox 1202 1371 1406 1410; x_wconf 91' lang='lat' dir='ltr'>intellectu</span> <span class='ocrx_word' id='word_1_168' title='bbox 1439 1385 1543 1422; x_wconf 87' lang='lat' dir='ltr'>quae</span> 
     </span>
     <span class='ocr_line' id='line_1_20' title="bbox 141 1435 1543 1488; baseline 0 -12"><span class='ocrx_word' id='word_1_169' title='bbox 141 1445 186 1488; x_wconf 88' lang='lat'>89</span> <span class='ocrx_word' id='word_1_170' title='bbox 202 1435 280 1475; x_wconf 86' lang='lat' dir='ltr'>sint</span> <span class='ocrx_word' id='word_1_171' title='bbox 309 1436 512 1476; x_wconf 86' lang='lat' dir='ltr'>contraria.</span> <span class='ocrx_word' id='word_1_172' title='bbox 572 1438 695 1487; x_wconf 88' lang='lat' dir='ltr'>Quod</span> <span class='ocrx_word' id='word_1_173' title='bbox 725 1437 756 1476; x_wconf 91' lang='lat' dir='ltr'>si</span> <span class='ocrx_word' id='word_1_174' title='bbox 786 1451 941 1488; x_wconf 88' lang='lat' dir='ltr'>semper</span> <span class='ocrx_word' id='word_1_175' title='bbox 969 1436 1120 1488; x_wconf 90' lang='lat' dir='ltr'>optima</span> <span class='ocrx_word' id='word_1_176' title='bbox 1154 1445 1287 1476; x_wconf 92' lang='lat' dir='ltr'>tenere</span> <span class='ocrx_word' id='word_1_177' title='bbox 1320 1450 1543 1488; x_wconf 88' lang='lat' dir='ltr'>possemus,</span> 
     </span>
     <span class='ocr_line' id='line_1_21' title="bbox 202 1502 1604 1554; baseline 0.001 -14"><span class='ocrx_word' id='word_1_178' title='bbox 202 1502 310 1541; x_wconf 91' lang='lat' dir='ltr'>haud</span> <span class='ocrx_word' id='word_1_179' title='bbox 343 1515 450 1550; x_wconf 89' lang='lat' dir='ltr'>sane,</span> <span class='ocrx_word' id='word_1_180' title='bbox 482 1502 673 1553; x_wconf 88' lang='lat' dir='ltr'>quoniam</span> <span class='ocrx_word' id='word_1_181' title='bbox 704 1503 867 1553; x_wconf 90' lang='lat' dir='ltr'>quidem</span> <span class='ocrx_word' id='word_1_182' title='bbox 906 1517 952 1542; x_wconf 90' lang='lat' dir='ltr'>ea</span> <span class='ocrx_word' id='word_1_183' title='bbox 990 1502 1197 1554; x_wconf 90' lang='lat' dir='ltr'>perspicua</span> <span class='ocrx_word' id='word_1_184' title='bbox 1235 1509 1339 1550; x_wconf 87' lang='lat' dir='ltr'>sunt,</span> <span class='ocrx_word' id='word_1_185' title='bbox 1374 1502 1542 1542; x_wconf 92' lang='lat' dir='ltr'>consilio</span> <span class='ocrx_word' id='word_1_186' title='bbox 1561 1518 1604 1541; x_wconf 63' lang='grc' dir='ltr'>πο</span> 
     </span>
     <span class='ocr_line' id='line_1_22' title="bbox 202 1567 1543 1619; baseline 0 -13"><span class='ocrx_word' id='word_1_187' title='bbox 202 1569 372 1606; x_wconf 90' lang='lat' dir='ltr'>multum</span> <span class='ocrx_word' id='word_1_188' title='bbox 393 1582 607 1619; x_wconf 89' lang='lat' dir='ltr'>egeremus.</span> <span class='ocrx_word' id='word_1_189' title='bbox 668 1570 748 1608; x_wconf 90' lang='lat' dir='ltr'>Sed</span> <span class='ocrx_word' id='word_1_190' title='bbox 767 1568 861 1619; x_wconf 91' lang='lat' dir='ltr'>quia</span> <span class='ocrx_word' id='word_1_191' title='bbox 880 1568 1147 1619; x_wconf 70' lang='lat' dir='ltr'>temporibus,</span> <span class='ocrx_word' id='word_1_192' title='bbox 1161 1581 1263 1618; x_wconf 90' lang='lat' dir='ltr'>quae</span> <span class='ocrx_word' id='word_1_193' title='bbox 1283 1567 1363 1606; x_wconf 93' lang='lat' dir='ltr'>vim</span> <span class='ocrx_word' id='word_1_194' title='bbox 1392 1567 1543 1607; x_wconf 89' lang='lat' dir='ltr'>habent</span> 
     </span>
     <span class='ocr_line' id='line_1_23' title="bbox 202 1633 1540 1686; baseline 0 -14"><span class='ocrx_word' id='word_1_195' title='bbox 202 1633 429 1683; x_wconf 83' lang='lat' dir='ltr'>maximam,</span> <span class='ocrx_word' id='word_1_196' title='bbox 448 1647 637 1686; x_wconf 89' lang='lat' dir='ltr'>persaepe</span> <span class='ocrx_word' id='word_1_197' title='bbox 657 1634 802 1683; x_wconf 90' lang='lat' dir='ltr'>evenit,</span> <span class='ocrx_word' id='word_1_198' title='bbox 822 1641 865 1673; x_wconf 92' lang='lat' dir='ltr'>ut</span> <span class='ocrx_word' id='word_1_199' title='bbox 885 1633 1032 1673; x_wconf 89' lang='lat' dir='ltr'>utilitas</span> <span class='ocrx_word' id='word_1_200' title='bbox 1058 1647 1150 1673; x_wconf 92' lang='lat' dir='ltr'>cum</span> <span class='ocrx_word' id='word_1_201' title='bbox 1177 1634 1386 1673; x_wconf 88' lang='lat' dir='ltr'>honestate</span> <span class='ocrx_word' id='word_1_202' title='bbox 1405 1640 1540 1682; x_wconf 88' lang='lat' dir='ltr'>certet,</span> 
     </span>
     <span class='ocr_line' id='line_1_24' title="bbox 201 1698 1541 1751; baseline 0 -13"><span class='ocrx_word' id='word_1_203' title='bbox 201 1713 418 1750; x_wconf 89' lang='lat' dir='ltr'>earumque</span> <span class='ocrx_word' id='word_1_204' title='bbox 437 1714 567 1739; x_wconf 92' lang='lat' dir='ltr'>rerum</span> <span class='ocrx_word' id='word_1_205' title='bbox 588 1700 793 1739; x_wconf 89' lang='lat' dir='ltr'>contentio</span> <span class='ocrx_word' id='word_1_206' title='bbox 820 1701 1055 1751; x_wconf 91' lang='lat' dir='ltr'>plerumque</span> <span class='ocrx_word' id='word_1_207' title='bbox 1084 1698 1390 1739; x_wconf 88' lang='lat' dir='ltr'>deliberationes</span> <span class='ocrx_word' id='word_1_208' title='bbox 1410 1699 1541 1747; x_wconf 88' lang='lat' dir='ltr'>efficit,</span> 
     </span>
     <span class='ocr_line' id='line_1_25' title="bbox 203 1765 1543 1817; baseline 0.001 -14"><span class='ocrx_word' id='word_1_209' title='bbox 203 1778 253 1804; x_wconf 93' lang='lat' dir='ltr'>ne</span> <span class='ocrx_word' id='word_1_210' title='bbox 283 1773 352 1804; x_wconf 88' lang='lat' dir='ltr'>aut</span> <span class='ocrx_word' id='word_1_211' title='bbox 381 1773 605 1816; x_wconf 90' lang='lat' dir='ltr'>opportuna</span> <span class='ocrx_word' id='word_1_212' title='bbox 634 1773 794 1817; x_wconf 87' lang='lat' dir='ltr'>propter</span> <span class='ocrx_word' id='word_1_213' title='bbox 822 1765 1055 1816; x_wconf 90' lang='lat' dir='ltr'>dignitatem</span> <span class='ocrx_word' id='word_1_214' title='bbox 1087 1772 1156 1804; x_wconf 91' lang='lat' dir='ltr'>aut</span> <span class='ocrx_word' id='word_1_215' title='bbox 1189 1766 1357 1804; x_wconf 90' lang='lat' dir='ltr'>honesta</span> <span class='ocrx_word' id='word_1_216' title='bbox 1384 1772 1543 1816; x_wconf 90' lang='lat' dir='ltr'>propter</span> 
     </span>
     <span class='ocr_line' id='line_1_26' title="bbox 203 1829 1602 1882; baseline -0.001 -14"><span class='ocrx_word' id='word_1_217' title='bbox 203 1830 412 1870; x_wconf 88' lang='lat' dir='ltr'>utilitatem</span> <span class='ocrx_word' id='word_1_218' title='bbox 442 1830 724 1882; x_wconf 90' lang='lat' dir='ltr'>relinquantur,</span> <span class='ocrx_word' id='word_1_219' title='bbox 747 1832 798 1870; x_wconf 91' lang='lat' dir='ltr'>ad</span> <span class='ocrx_word' id='word_1_220' title='bbox 827 1832 930 1870; x_wconf 89' lang='lat' dir='ltr'>hanc</span> <span class='ocrx_word' id='word_1_221' title='bbox 960 1830 1234 1870; x_wconf 88' lang='lat' dir='ltr'>difficultatem</span> <span class='ocrx_word' id='word_1_222' title='bbox 1267 1829 1542 1881; x_wconf 89' lang='lat' dir='ltr'>explicandam</span> <span class='ocrx_word' id='word_1_223' title='bbox 1564 1845 1602 1878; x_wconf 85' lang='lat'>²5</span> 
     </span>
     <span class='ocr_line' id='line_1_27' title="bbox 142 1895 1541 1947; baseline -0.001 -12"><span class='ocrx_word' id='word_1_224' title='bbox 142 1914 186 1945; x_wconf 93' lang='lat'>90</span> <span class='ocrx_word' id='word_1_225' title='bbox 204 1904 413 1947; x_wconf 88' lang='lat' dir='ltr'>praecepta</span> <span class='ocrx_word' id='word_1_226' title='bbox 431 1897 655 1935; x_wconf 92' lang='lat' dir='ltr'>referamus.</span> <span class='ocrx_word' id='word_1_227' title='bbox 717 1899 767 1935; x_wconf 91' lang='lat' dir='ltr'>Et</span> <span class='ocrx_word' id='word_1_228' title='bbox 788 1896 978 1947; x_wconf 90' lang='lat' dir='ltr'>quoniam</span> <span class='ocrx_word' id='word_1_229' title='bbox 999 1909 1080 1935; x_wconf 90' lang='lat' dir='ltr'>non</span> <span class='ocrx_word' id='word_1_230' title='bbox 1100 1897 1152 1935; x_wconf 90' lang='lat' dir='ltr'>ad</span> <span class='ocrx_word' id='word_1_231' title='bbox 1172 1895 1376 1935; x_wconf 88' lang='lat' dir='ltr'>veritatem</span> <span class='ocrx_word' id='word_1_232' title='bbox 1399 1897 1541 1944; x_wconf 89' lang='lat' dir='ltr'>solum,</span> 
     </span>
     <span class='ocr_line' id='line_1_28' title="bbox 202 1958 1543 2010; baseline 0.001 -13"><span class='ocrx_word' id='word_1_233' title='bbox 202 1960 273 1998; x_wconf 93' lang='lat' dir='ltr'>sed</span> <span class='ocrx_word' id='word_1_234' title='bbox 301 1958 419 1998; x_wconf 91' lang='lat' dir='ltr'>etiarn</span> <span class='ocrx_word' id='word_1_235' title='bbox 448 1960 500 1998; x_wconf 90' lang='lat' dir='ltr'>ad</span> <span class='ocrx_word' id='word_1_236' title='bbox 520 1959 730 2010; x_wconf 90' lang='lat' dir='ltr'>opiniones</span> <span class='ocrx_word' id='word_1_237' title='bbox 751 1973 888 1999; x_wconf 90' lang='lat' dir='ltr'>eorum</span> <span class='ocrx_word' id='word_1_238' title='bbox 909 1958 978 2010; x_wconf 90' lang='lat' dir='ltr'>qui</span> <span class='ocrx_word' id='word_1_239' title='bbox 1001 1958 1170 1998; x_wconf 92' lang='lat' dir='ltr'>audiunt</span> <span class='ocrx_word' id='word_1_240' title='bbox 1197 1959 1543 1998; x_wconf 88' lang='lat' dir='ltr'>accommodanda</span> 
     </span>
     <span class='ocr_line' id='line_1_29' title="bbox 201 2023 1544 2075; baseline -0.001 -11"><span class='ocrx_word' id='word_1_241' title='bbox 201 2032 260 2064; x_wconf 88' lang='lat' dir='ltr'>est</span> <span class='ocrx_word' id='word_1_242' title='bbox 293 2024 429 2072; x_wconf 91' lang='lat' dir='ltr'>oratio,</span> <span class='ocrx_word' id='word_1_243' title='bbox 463 2025 540 2064; x_wconf 92' lang='lat' dir='ltr'>hoc</span> <span class='ocrx_word' id='word_1_244' title='bbox 572 2024 743 2075; x_wconf 89' lang='lat' dir='ltr'>primum</span> <span class='ocrx_word' id='word_1_245' title='bbox 775 2024 1062 2075; x_wconf 90' lang='lat' dir='ltr'>intellegamus,</span> <span class='ocrx_word' id='word_1_246' title='bbox 1095 2023 1304 2063; x_wconf 89' lang='lat' dir='ltr'>hominum</span> <span class='ocrx_word' id='word_1_247' title='bbox 1337 2036 1424 2063; x_wconf 89' lang='lat' dir='ltr'>esse</span> <span class='ocrx_word' id='word_1_248' title='bbox 1461 2024 1544 2062; x_wconf 91' lang='lat' dir='ltr'>duo</span> 
     </span>
     <span class='ocr_line' id='line_1_30' title="bbox 200 2090 1545 2141; baseline -0.001 -13"><span class='ocrx_word' id='word_1_249' title='bbox 200 2103 355 2141; x_wconf 88' lang='lat' dir='ltr'>genera,</span> <span class='ocrx_word' id='word_1_250' title='bbox 376 2091 543 2129; x_wconf 91' lang='lat' dir='ltr'>alterum</span> <span class='ocrx_word' id='word_1_251' title='bbox 564 2090 772 2130; x_wconf 91' lang='lat' dir='ltr'>indoctum</span> <span class='ocrx_word' id='word_1_252' title='bbox 793 2097 832 2130; x_wconf 93' lang='lat' dir='ltr'>et</span> <span class='ocrx_word' id='word_1_253' title='bbox 851 2097 1014 2140; x_wconf 89' lang='lat' dir='ltr'>agreste,</span> <span class='ocrx_word' id='word_1_254' title='bbox 1037 2090 1147 2140; x_wconf 89' lang='lat' dir='ltr'>quod</span> <span class='ocrx_word' id='word_1_255' title='bbox 1172 2090 1365 2127; x_wconf 89' lang='lat' dir='ltr'>anteferat</span> <span class='ocrx_word' id='word_1_256' title='bbox 1388 2101 1545 2139; x_wconf 91' lang='lat' dir='ltr'>semper</span> 
     </span>
     <span class='ocr_line' id='line_1_31' title="bbox 201 2155 1603 2207; baseline 0.001 -13"><span class='ocrx_word' id='word_1_257' title='bbox 201 2155 411 2195; x_wconf 90' lang='lat' dir='ltr'>utilitatem</span> <span class='ocrx_word' id='word_1_258' title='bbox 445 2157 655 2205; x_wconf 87' lang='lat' dir='ltr'>honestati,</span> <span class='ocrx_word' id='word_1_259' title='bbox 687 2159 854 2197; x_wconf 90' lang='lat' dir='ltr'>alterum</span> <span class='ocrx_word' id='word_1_260' title='bbox 886 2158 1107 2195; x_wconf 90' lang='lat' dir='ltr'>humanum</span> <span class='ocrx_word' id='word_1_261' title='bbox 1145 2163 1185 2195; x_wconf 91' lang='lat' dir='ltr'>et</span> <span class='ocrx_word' id='word_1_262' title='bbox 1218 2155 1397 2207; x_wconf 89' lang='lat' dir='ltr'>politum,</span> <span class='ocrx_word' id='word_1_263' title='bbox 1433 2157 1543 2207; x_wconf 91' lang='lat' dir='ltr'>quod</span> <span class='ocrx_word' id='word_1_264' title='bbox 1562 2172 1603 2205; x_wconf 83' lang='lat'>30</span> 
     </span>
     <span class='ocr_line' id='line_1_32' title="bbox 201 2220 1543 2274; baseline 0.001 -14"><span class='ocrx_word' id='word_1_265' title='bbox 201 2222 318 2260; x_wconf 89' lang='lat' dir='ltr'>rebus</span> <span class='ocrx_word' id='word_1_266' title='bbox 348 2221 535 2261; x_wconf 87' lang='lat' dir='ltr'>omnibus</span> <span class='ocrx_word' id='word_1_267' title='bbox 564 2222 798 2274; x_wconf 87' lang='lat' dir='ltr'>dignitatem</span> <span class='ocrx_word' id='word_1_268' title='bbox 826 2228 1054 2273; x_wconf 90' lang='lat' dir='ltr'>anteponat.</span> <span class='ocrx_word' id='word_1_269' title='bbox 1114 2222 1257 2272; x_wconf 90' lang='lat' dir='ltr'>Itaque</span> <span class='ocrx_word' id='word_1_270' title='bbox 1286 2220 1379 2260; x_wconf 93' lang='lat' dir='ltr'>huic</span> <span class='ocrx_word' id='word_1_271' title='bbox 1409 2220 1543 2272; x_wconf 89' lang='lat' dir='ltr'>generi</span> 
     </span>
     <span class='ocr_line' id='line_1_33' title="bbox 201 2286 1541 2338; baseline 0.001 -14"><span class='ocrx_word' id='word_1_272' title='bbox 201 2287 286 2325; x_wconf 89' lang='lat' dir='ltr'>laus</span> <span class='ocrx_word' id='word_1_273' title='bbox 315 2288 445 2326; x_wconf 93' lang='lat' dir='ltr'>honos</span> <span class='ocrx_word' id='word_1_274' title='bbox 473 2287 596 2338; x_wconf 89' lang='lat' dir='ltr'>gloria</span> <span class='ocrx_word' id='word_1_275' title='bbox 622 2289 721 2327; x_wconf 90' lang='lat' dir='ltr'>fides</span> <span class='ocrx_word' id='word_1_276' title='bbox 742 2287 889 2327; x_wconf 85' lang='lat' dir='ltr'>iustitia</span> <span class='ocrx_word' id='word_1_277' title='bbox 914 2287 1126 2338; x_wconf 89' lang='lat' dir='ltr'>omnisque</span> <span class='ocrx_word' id='word_1_278' title='bbox 1148 2286 1281 2334; x_wconf 89' lang='lat' dir='ltr'>virtus,</span> <span class='ocrx_word' id='word_1_279' title='bbox 1303 2286 1379 2325; x_wconf 90' lang='lat' dir='ltr'>illis</span> <span class='ocrx_word' id='word_1_280' title='bbox 1407 2293 1541 2325; x_wconf 88' lang='lat' dir='ltr'>autern</span> 
     </span>
    </p>
   </div>
   <div class='ocr_carea' id='block_1_3' title="bbox 201 2389 1542 2476">
    <p class='ocr_par' dir='ltr' id='par_1_3' title="bbox 201 2389 1542 2476">
     <span class='ocr_line' id='line_1_34' title="bbox 246 2389 1542 2432; baseline 0 -11"><span class='ocrx_word' id='word_1_281' title='bbox 246 2400 266 2429; x_wconf 85' lang='lat'><strong>3</strong></span> <span class='ocrx_word' id='word_1_282' title='bbox 290 2401 377 2430; x_wconf 85' lang='lat' dir='ltr'>quae</span> <span class='ocrx_word' id='word_1_283' title='bbox 394 2416 402 2423; x_wconf 90' lang='lat'>.</span> <span class='ocrx_word' id='word_1_284' title='bbox 423 2417 431 2423; x_wconf 92' lang='lat'>.</span> <span class='ocrx_word' id='word_1_285' title='bbox 454 2416 461 2424; x_wconf 93' lang='lat'>.</span> <span class='ocrx_word' id='word_1_286' title='bbox 482 2397 691 2431; x_wconf 86' lang='lat' dir='ltr'>expetuntur</span> <span class='ocrx_word' id='word_1_287' title='bbox 713 2393 783 2424; x_wconf 83' lang='lat' dir='ltr'>secl.</span> <span class='ocrx_word' id='word_1_288' title='bbox 809 2391 939 2432; x_wconf 82' lang='lat' dir='ltr'>Kayser</span> <span class='ocrx_word' id='word_1_289' title='bbox 1066 2392 1087 2422; x_wconf 90' lang='lat'>8</span> <span class='ocrx_word' id='word_1_290' title='bbox 1110 2391 1206 2431; x_wconf 85' lang='lat' dir='ltr'>quasi</span> <span class='ocrx_word' id='word_1_291' title='bbox 1227 2390 1373 2430; x_wconf 85' lang='lat' dir='ltr'>quadam</span> <span class='ocrx_word' id='word_1_292' title='bbox 1395 2400 1472 2422; x_wconf 86' lang='lat' dir='ltr'>cum</span> <span class='ocrx_word' id='word_1_293' title='bbox 1486 2389 1542 2422; x_wconf 88' lang='lat' dir='ltr'>P:</span> 
     </span>
     <span class='ocr_line' id='line_1_35' title="bbox 201 2433 1233 2476; baseline 0.002 -12"><span class='ocrx_word' id='word_1_294' title='bbox 201 2434 297 2474; x_wconf 89' lang='lat' dir='ltr'>quasi</span> <span class='ocrx_word' id='word_1_295' title='bbox 314 2444 388 2465; x_wconf 90' lang='lat' dir='ltr'>cum</span> <span class='ocrx_word' id='word_1_296' title='bbox 406 2435 495 2468; x_wconf 88' lang='lat' dir='ltr'>codd.</span> <span class='ocrx_word' id='word_1_297' title='bbox 513 2435 587 2467; x_wconf 79' lang='lat' dir='ltr'><em>dett.</em></span> <span class='ocrx_word' id='word_1_298' title='bbox 606 2447 613 2467; x_wconf 73' lang='grc' dir='ltr'>ε</span> <span class='ocrx_word' id='word_1_299' title='bbox 639 2436 786 2476; x_wconf 87' lang='lat' dir='ltr'>quodam</span> <span class='ocrx_word' id='word_1_300' title='bbox 803 2437 905 2467; x_wconf 91' lang='lat' dir='ltr'>modo</span> <span class='ocrx_word' id='word_1_301' title='bbox 921 2445 996 2467; x_wconf 91' lang='lat' dir='ltr'>cum</span> <span class='ocrx_word' id='word_1_302' title='bbox 1011 2434 1060 2466; x_wconf 86' lang='lat' dir='ltr'>ed.</span> <span class='ocrx_word' id='word_1_303' title='bbox 1080 2433 1233 2466; x_wconf 70' lang='lat' dir='ltr'>Norz&#39;mb.</span> 
     </span>
    </p>
   </div>
  </div>
 </body>
</html>
