1696 2730
182 163 287 210 217'1
606 162 664 200 M.
703 155 874 200 TVLLI
915 153 1224 201 CICERONIS

187 287 224 322 7²
240 273 314 325 ‘qui
333 267 472 313 dicunt
492 280 531 313 et
550 287 687 313 eorum
708 273 776 324 qui
795 273 973 312 audiunt.
1025 274 1167 324 Itaque
1186 264 1294 311 hunc
1313 273 1447 311 locum
1466 273 1584 322 longe

239 345 283 379 et
306 341 384 378 late
410 346 612 390 patentem
641 338 870 390 philosophi
896 340 1026 377 solent
1051 338 1092 376 in
1119 337 1257 376 officiis
1281 344 1584 376 tractare—non

243 419 336 444 cum
365 406 416 444 de
442 412 550 444 recto
576 404 664 455 ipso
687 404 1019 459 disputantham
1046 402 1088 442 id
1114 402 1278 453 quidem
1304 416 1430 441 unum
1456 409 1583 451 est—,

242 469 488 521 grammatici
511 469 552 508 in
576 469 715 521 poetis,
738 471 973 519 eloquentes
997 468 1037 506 in
1061 467 1172 507 omni
1195 475 1235 507 et
1253 481 1396 519 genere
1416 475 1455 507 et
1474 475 1583 519 parte

241 548 461 575 causarum.
522 536 655 584 Quam
684 533 791 573 enim
820 533 1054 573 indecorum
1084 540 1153 580 est,
1180 534 1231 572 de
1260 531 1466 571 stillicidiis
1489 545 1582 571 cum
1603 550 1620 583 5

242 601 350 651 apud
379 613 505 639 unum
535 599 709 639 iudicem
739 599 860 647 dicas,
887 598 1141 650 amplissimis
1170 597 1299 638 verbis
1333 605 1372 637 et
1399 597 1497 637 locis
1525 597 1584 636 uti

242 665 536 714 communibus,
558 666 609 705 de
629 665 834 704 maiestate
853 664 991 716 populi
1012 663 1187 703 Romani
1207 662 1417 702 summisse
1436 670 1476 702 et
1495 663 1580 702 sub-

173 723 224 768 22
242 731 384 770 tiliterl
425 730 507 770 Hic
529 744 673 781 genere
696 737 792 777 toto,
814 737 855 769 at
874 743 1044 781 persona
1066 728 1131 768 alii
1150 735 1319 780 peccant
1337 736 1406 768 aut
1425 741 1496 767 sua
1514 735 1583 767 aut

241 794 420 834 iudicum
447 803 515 834 aut
543 795 662 834 etiam
692 794 1016 843 adversariorum,
1040 808 1114 833 nec
1141 808 1182 834 re
1208 795 1337 833 solum
1367 794 1438 832 sed
1464 806 1583 844 saepe

240 861 390 909 verbo,·
427 860 501 900 etsi
534 860 619 900 sine
653 875 694 900 re
725 862 833 899 nulla
861 860 919 899 vis
947 860 1058 899 verbi
1087 867 1156 907 est,
1188 867 1322 898 tamen
1351 860 1492 899 eadem
1521 870 1582 897 res
1603 875 1641 897 ιο

240 939 358 976 saepe
381 934 448 964 aut
475 926 665 977 probatur
690 934 758 964 aut
785 925 943 965 reicitur
969 925 1047 965 alio
1073 933 1194 976 atque
1219 924 1297 964 alio
1324 926 1427 964 elata
1445 923 1579 963 verbo‘.

181 1000 219 1033 73
241 991 289 1028 In
324 990 592 1041 omnibusque
625 991 743 1030 rebus
771 990 990 1030 videndum
1025 998 1085 1029 est
1113 998 1334 1041 quatenus3
1372 988 1444 1029 etsi
1473 988 1580 1028 enirn

238 1068 332 1094 suus
353 1055 498 1106 cuique
518 1057 664 1096 modus
685 1064 758 1105 est,
778 1063 912 1096 tamen
937 1057 1060 1106 magis
1086 1055 1252 1095 offendit
1271 1054 1439 1094 nimium
1459 1068 1580 1106 quam

236 1134 375 1171 parum
390 1136 401 1170 ,-
430 1121 471 1160 in
492 1135 572 1172 quo
587 1123 749 1173 Apelles
769 1121 940 1173 pictores
960 1135 1121 1172 quoque
1145 1135 1213 1161 eos
1236 1134 1401 1172 peccare
1420 1119 1580 1160 dicebat

237 1185 306 1236 qui
331 1200 413 1226 non
443 1187 633 1226 sentirent
660 1187 757 1238 quid
786 1195 890 1227 esset
916 1186 1019 1226 satis.
1081 1189 1253 1237 Magnus
1280 1194 1340 1225 est
1362 1187 1473 1225 locus
1499 1185 1580 1234 hie,
1600 1200 1637 1233 15

237 1252 368 1298 Brute,
415 1253 525 1302 quod
569 1259 607 1291 te
650 1265 732 1291 non
776 1251 888 1302 fugit,
931 1259 970 1291 et
1011 1264 1199 1301 magnum
1240 1252 1427 1290 volumen
1469 1250 1578 1290 aliud

235 1315 458 1365 desiderat,
502 1317 573 1356 sed
606 1318 658 1356 ad
692 1317 733 1356 id
764 1316 1034 1368 quod=agitur
1067 1316 1165 1355 illud
1199 1316 1302 1355 satis.
1364 1316 1470 1356 Cum
1500 1317 1579 1355 hoc

235 1381 543 1432 decere—quod
564 1395 720 1433 semper
737 1396 973 1433 usurpamus
994 1381 1035 1420 in
1055 1381 1242 1421 omnibus
1263 1380 1378 1420 dictis
1397 1378 1438 1420 et
1453 1381 1575 1430 factis,

235 1446 410 1486 minimis
444 1455 483 1486 et
514 1447 845 1487 maximis—cum
882 1448 972 1495 hoc,
1008 1446 1183 1498 inquam,
1217 1448 1359 1486 decere
1392 1446 1576 1496 dicimus,

233 1511 332 1551 illud
359 1526 441 1551 non
469 1514 621 1561 decere,
644 1521 683 1553 et
710 1513 750 1552 id
777 1526 1066 1564 usquequaque
1089 1520 1284 1563 quantum
1313 1511 1362 1551 sit
1387 1519 1575 1563 appareat
1595 1521 1637 1547 2'0

234 1576 275 1615 in
309 1577 468 1628 alioque
501 1586 672 1629 ponatur
704 1578 893 1629 aliudque
927 1586 1056 1618 totum
1091 1578 1150 1626 sit,
1183 1586 1315 1617 utrum
1349 1579 1491 1617 decere
1523 1587 1575 1618 an
1682 1568 1684 1570 Ι

176 1658 215 1692 74
235 1650 416 1693 oportere
436 1642 545 1682 dicas
559 1651 808 1694 ;——oportere
833 1643 940 1683 enim
960 1643 1246 1695 perfectionem
1266 1644 1439 1682 declarat
1458 1643 1574 1692 offici,

234 1721 315 1758 quo
335 1715 374 1747 et
394 1721 551 1759 semper
569 1710 764 1748 utendum
784 1717 844 1748 est
864 1716 903 1748 et
923 1708 1121 1756 omnibus,
1144 1709 1286 1748 decere
1306 1708 1418 1759 quasi
1436 1715 1575 1759 aptum

233 1786 319 1812 esse
348 1781 744 1825 consentaneumque
771 1773 940 1825 tempori
966 1781 1005 1813 et
1027 1782 1220 1825 personae
1233 1788 1245 1823 3
1275 1774 1386 1825 quod
1415 1786 1507 1813 cum
1533 1773 1575 1813 in

232 1838 345 1877 factis
383 1838 614 1889 saepissime
648 1847 732 1878 tum
761 1839 802 1878 in
828 1839 945 1879 dictis
973 1841 1090 1888 valet,
1118 1839 1159 1878 in
1187 1840 1299 1878 vultu
1327 1838 1502 1890 denique
1535 1846 1575 1879 et
1595 1850 1633 1887 2‘5
1679 1843 1681 1845 ’

230 1911 343 1954 gestu
370 1912 408 1943 et
435 1904 603 1953 incessu,
632 1912 851 1956 contraque
879 1905 975 1945 item
1004 1906 1198 1945 dedecere
1212 1918 1223 1953 3
1256 1905 1366 1956 quod
1394 1904 1427 1943 si
1456 1911 1574 1955 poeta

231 1968 329 2019 fugit
363 1977 406 2008 ut
440 1970 657 2009 maximum
695 1970 847 2019 vitium,
881 1970 950 2021 qui
987 1978 1127 2022 peccat
1165 1969 1295 2017 etiam,
1329 1983 1421 2009 cum
1458 1969 1574 2020 probi

231 2034 451 2074 orationem
479 2035 646 2087 adfingit
676 2036 860 2087 improbo
890 2036 1060 2075 stultove
1089 2034 1302 2086 sapientis;
1335 2034 1367 2074 si
1397 2035 1572 2086 denique

230 2099 358 2150 pictor
377 2100 441 2140 ille
461 2100 570 2149 vidit,
592 2115 684 2140 cum
705 2103 748 2140 z'n
768 2101 1014 2140 immolanda
1035 2100 1243 2152 Iphigenia
1262 2099 1380 2139 tristis
1401 2101 1571 2141 Calchas

230 2172 345 2213 esset,
374 2165 518 2206 tristior
543 2166 690 2215 Vlixes,
719 2174 910 2207 maereret
937 2168 1158 2214 Menelaus,
1184 2166 1481 2206 obvolvendum
1510 2179 1571 2206 ca-
1583 2173 1632 2212 “30

276 2279 304 2308 7,
325 2269 345 2298 8
369 2269 539 2300 subtiliter
556 2270 670 2300 dicere
686 2250 895 2301 scribenduin
911 2279 976 2300 esse
989 2270 1175 2311 suspicatus
1188 2273 1235 2300 est
1247 2263 1442 2301 Lamlnssaus
1531 2257 1573 2301 Io

230 2313 295 2342 etsi
313 2312 403 2342 enim
416 2313 538 2343 maluit
549 2312 739 2344 Lambinus
821 2323 859 2352 15
884 2321 936 2344 est
953 2313 1048 2345 locus
1060 2312 1149 2346 codd.
1159 2312 1232 2345 dett.
1251 2317 1374 2344 :esset
1386 2312 1406 2344 1.
1421 2310 1452 2342 L
1530 2323 1571 2353 19

229 2355 366 2395 inquam
384 2356 412 2386 L
431 2368 438 2387 ε
462 2357 594 2396 uspiam
612 2355 755 2399 Madvig
827 2356 970 2388 dicimus
985 2355 1016 2387 L
1034 2368 1041 2388 :
1066 2357 1217 2387 dicamus
1230 2355 1364 2387 Ernesti
1427 2356 1570 2388 dicimus

229 2422 236 2429 .
257 2421 265 2429 .
284 2421 291 2429 .
311 2403 345 2428 et
368 2398 402 2429 id
423 2399 492 2431 secl.
514 2398 705 2431 Lambinus
807 2410 849 2440 27
874 2400 972 2441 probi
994 2399 1084 2432 codd.
1104 2400 1177 2431 dett.
1193 2413 1211 2434 :s
1227 2400 1368 2440 probam
1385 2399 1413 2430 L
1525 2403 1569 2440 29

229 2452 262 2472 m
281 2441 357 2473 add.
377 2443 466 2483 vulg.
584 2453 627 2482 30
651 2443 781 2475 tristior
797 2443 933 2485 Sauppe
946 2455 986 2475 ex
1007 2443 1121 2484 Quint.
1140 2444 1175 2475 ii.
1194 2453 1244 2483 13.
1267 2454 1306 2484 13
1324 2455 1332 2476 ε
1355 2442 1518 2475 maestior
1537 2441 1567 2474 L

1647 2564 1672 2730 mrem<
