1630 2730
122 158 146 197 7

110 593 148 623 28

107 996 147 1028 29

109 1849 147 1879 31

167 165 205 198 ²7
532 147 588 185 M.
620 146 790 184 TVLLI
822 145 1132 185 CICERONIS

165 263 258 301 dam
278 262 469 309 feruntur,
489 267 528 299 et
548 259 841 310 Thucydidem,
865 258 933 309 qui
953 272 1035 297 non
1055 257 1311 297 nascentibus
1331 255 1501 296 Athenis

165 327 236 365 sed
256 325 334 364 iam
355 325 500 365 adultis
520 326 692 373 fuerunt,
712 323 840 363 littera
863 324 973 362 nulla
998 331 1057 362 est
1084 336 1186 374 quae
1206 322 1370 373 quidem
1391 335 1502 361 orna-

165 400 250 431 tum
270 391 444 442 aliquem
471 391 617 430 habeat
637 397 676 429 et
697 389 861 429 oratoris
888 402 975 428 esse
995 388 1183 428 videatur.
1244 389 1501 438 Quamquam

166 456 302 507 opinio
323 463 381 495 est
402 463 440 495 et
461 469 563 502 eum,
587 454 655 506 qui
676 454 810 493 multis
835 454 950 497 annis
970 461 1062 492 ante
1082 455 1156 492 hos
1180 452 1306 501 fuerit,
1329 452 1503 491 Pisistra-

167 530 252 560 tum
273 529 312 560 et
331 523 450 572 paulo
466 520 662 559 seniorem
678 520 797 559 etiam
811 521 999 559 Solonem
1020 526 1238 570 posteaque
1254 517 1501 558 Clisthenem
1521 529 1539 562 5

168 589 338 626 multum
372 594 416 625 ut
449 585 696 636 temporibus
727 585 802 624 illis
831 584 1000 624 valuisse
1029 583 1214 623 dicendo.
1274 585 1370 622 Post
1398 585 1502 622 hanc

166 661 338 693 aetatem
358 652 509 703 aliquot
528 652 654 700 annis,
676 660 720 691 ut
739 665 787 691 ex
806 651 949 690 Atticis
975 649 1246 690 monumentis
1269 657 1401 701 potest
1420 663 1504 700 per-

166 719 275 770 spici,
297 718 589 757 Themistocles
618 717 701 765 fuit,
724 731 843 768 quem
874 723 1030 756 constat
1057 729 1149 754 cum
1178 714 1389 766 prudentia
1417 722 1502 753 tum

165 784 283 824 etiam
300 782 529 834 eloquentia
548 782 787 833 praestitisse
801 797 812 831 3
841 790 932 833 post
949 781 1130 829 Pericles,
1147 780 1215 831 qui
1235 794 1327 819 cum
1347 782 1503 819 floreret

165 849 276 889 omni
313 863 456 900 genere
493 848 658 896 virtutis,
698 850 773 886 hac
812 855 947 886 tamen
985 846 1058 885 fuit
1095 847 1214 884 laude
1251 845 1500 885 clarissimus.

167 916 362 955 Cleonem
386 913 505 953 etiam
533 913 780 964 temporibus
805 912 880 951 illis
907 912 1181 951 turbulentum
1208 910 1318 949 illum
1339 910 1503 961 quidem

167 981 309 1029 civem,
332 982 403 1019 sed
427 987 561 1018 tamen
589 981 845 1029 eloquentem
875 985 1031 1017 constat
1057 977 1188 1017 fuisse.
1248 976 1359 1016 Huic
1384 976 1504 1016 aetati

166 1059 355 1097 suppares
383 1044 612 1084 Alcibiades
641 1043 783 1084 Critias
809 1045 1081 1083 Theramenes
1096 1058 1106 1092 3
1146 1042 1291 1093 quibus
1321 1042 1504 1092 tempori—

165 1113 241 1151 bus
268 1111 378 1161 quod
405 1109 567 1149 dicendi
593 1123 718 1160 genus
739 1109 904 1160 viguerit
929 1123 976 1148 ex
995 1107 1224 1159 Thucydidi
1248 1107 1412 1159 scriptis,
1435 1107 1504 1158 qui

166 1177 251 1228 ipse
289 1184 374 1215 tum
413 1175 500 1225 fuit,
532 1175 707 1226 intellegi
745 1175 916 1214 maxime
960 1181 1102 1225 potest.
1173 1174 1355 1213 Grandes
1393 1180 1504 1212 erant

166 1242 307 1289 verbis,
330 1241 456 1280 crebri
485 1241 702 1288 sententiis,
729 1240 1026 1292 compressione
1054 1253 1184 1279 rerum
1213 1239 1352 1278 breves
1381 1246 1421 1278 et
1449 1239 1503 1278 ob

169 1322 256 1347 eam
283 1307 410 1358 ipsam
442 1320 602 1346 causam
636 1306 836 1346 interdum
865 1305 1111 1346 subobscuri.
1181 1306 1260 1344 Sed
1287 1312 1330 1343 ut
1355 1304 1505 1361 intelle-

167 1381 277 1412 ctum
308 1380 367 1412 est
398 1380 588 1423 quantam
618 1372 698 1410 vim
730 1372 893 1411 haberet
921 1378 1104 1410 accurata
1127 1378 1166 1409 et
1193 1372 1297 1409 facta
1327 1371 1503 1420 quodam

167 1439 292 1477 modo
312 1437 448 1485 oratio,
472 1445 556 1475 tum
577 1436 696 1476 etiarn
717 1436 891 1487 magistri
915 1435 1074 1475 dicendi
1100 1434 1214 1474 multi
1240 1435 1372 1473 subito
1393 1434 1505 1473 exsti-

167 1510 309 1543 terunt.
368 1504 474 1541 Tum
514 1502 735 1541 Leontinus
775 1501 951 1552 Gorgias,
985 1501 1305 1551 Thrasymachus
1340 1501 1504 1540 Calche-

1523 861 1563 884 10

1525 1188 1630 1227 ¹52

1525 1519 1566 1541 20

167 1568 323 1616 donius,
349 1570 582 1619 Protagoras
603 1567 826 1615 Abderites,
851 1566 1044 1606 Prodicus
1066 1566 1174 1614 Cius,
1198 1565 1370 1617 Hippias
1391 1565 1503 1604 Elius
1544 1620 1547 1622 q

167 1635 209 1673 in
242 1636 394 1673 honore
428 1647 574 1684 magno
608 1633 681 1672 fuit
696 1648 706 1682 5
746 1633 891 1683 aliique
925 1632 1039 1671 multi
1071 1631 1317 1682 temporibus
1351 1631 1503 1670 eisdem

167 1702 312 1739 docere
339 1713 381 1738 se
407 1699 704 1749 profitebantur,
727 1698 1000 1749 arrogantibus
1027 1711 1122 1736 sane
1147 1696 1292 1745 verbis,
1312 1710 1431 1747 quem
1451 1697 1504 1736 ad

169 1767 335 1804 modum
356 1778 477 1803 causa
495 1764 767 1803 inferior—ita
782 1764 889 1803 enirn
905 1762 1401 1814 loquebantur—dicendo
1421 1761 1505 1801 fieri

169 1830 346 1880 superior
365 1837 509 1880 posset.
572 1829 650 1868 His
670 1829 859 1880 opposuit
879 1843 965 1868 sese
985 1830 1177 1875 Socrates,
1200 1827 1267 1878 qui
1288 1827 1504 1867 subtilitate

169 1898 342 1947 quadam
363 1895 594 1946 disputandi
610 1896 785 1934 refellere
801 1908 938 1935 eorum
954 1894 1134 1933 instituta
1153 1894 1306 1932 solebat
1326 1891 1502 1946 [verbis]

170 1961 304 2000 Huius
325 1974 371 1999 ex
391 1960 598 1999 uberrimis
625 1960 876 1999 sermonibus
905 1959 1137 1999 exstiterunt
1163 1958 1383 1998 doctissimi
1410 1958 1479 1997 viri
1494 1974 1505 2008 5

168 2027 421 2078 primumque
441 2033 525 2064 tum
546 2025 799 2076 philosophia
824 2039 907 2065 non
927 2025 993 2063 illa
1012 2026 1063 2064 de
1083 2031 1232 2072 natura,
1255 2037 1357 2074 quae
1380 2025 1506 2064 fuerat

212 2142 232 2162 2
256 2130 358 2162 fuerit
385 2130 438 2161 L:
476 2129 539 2161 suit
570 2130 693 2161 maluit
715 2129 889 2161 Eberhard
1055 2139 1073 2168 7
1098 2132 1134 2159 ut
1159 2153 1166 2160 .
1192 2153 1199 2160 .
1228 2151 1235 2158 .
1260 2127 1409 2168 perspici
1433 2129 1506 2163 secl.

167 2175 341 2206 Eberhard
424 2174 549 2205 Atticis
564 2173 777 2205 Lambinus:
800 2173 906 2204 Attici
922 2171 953 2203 L
1054 2182 1092 2212 13
1116 2172 1240 2203 Critias
1257 2173 1343 2212 vulg.
1362 2183 1369 2203 :
1393 2172 1505 2204 Critas

168 2218 199 2249 L
306 2219 345 2249 16
369 2218 479 2249 crebri
495 2218 561 2250 F2:
586 2218 713 2249 crebris
730 2217 759 2247 L
849 2216 1102 2256 compressione
1118 2214 1168 2246 L:
1195 2216 1504 2255 comprehensione

166 2262 294 2303 Stangl
428 2271 467 2297 10
491 2266 560 2293 tum
577 2262 646 2292 secl.
661 2261 757 2299 Jahn
845 2271 884 2291 21
911 2260 1096 2291 Abderites
1110 2259 1157 2290 F²
1175 2259 1312 2299 Quintil.
1330 2260 1376 2292 iii.
1395 2269 1421 2291 1.
1440 2269 1480 2292 10
1495 2272 1502 2292 ς

168 2306 351 2337 Abderitas
364 2305 469 2336 BMG
483 2317 490 2336 ε
513 2305 679 2337 Abderita
690 2305 763 2336 ΗΟ
826 2305 991 2336 Prodicus
1004 2304 1056 2335 F:
1082 2303 1249 2343 Prodigus
1262 2302 1350 2335 codd.
1421 2304 1504 2336 Cius

169 2374 176 2382 .
197 2374 204 2381 .
223 2374 230 2381 .
251 2350 345 2380 Elius
362 2349 555 2381 Fleckeisen:
581 2349 686 2380 Ceius
702 2373 710 2381 .
729 2373 737 2381 .
756 2373 764 2380 .
785 2348 902 2380 Eleius
919 2347 1008 2380 codd.
1111 2358 1153 2378 22
1176 2347 1211 2377 in
1228 2347 1362 2378 honore
1379 2358 1504 2387 magno

169 2393 231 2424 fuit
243 2394 311 2424 secl.
327 2393 423 2431 Jahn
522 2393 616 2424 suere
629 2393 661 2423 B
668 2392 677 2411 ¹
693 2404 700 2423 :
727 2393 828 2424 suerit
840 2393 883 2423 H
977 2392 1020 2422 26
1036 2391 1148 2423 verbis
1165 2390 1255 2423 codd.
1273 2391 1341 2423 secl.
1359 2391 1501 2433 Haupt:

171 2437 326 2470 acerbius
343 2436 537 2479 Feldhuegel
552 2449 559 2469 ε
583 2437 746 2469 urbanius
761 2436 886 2468 Vitelli:
907 2435 1144 2468 urbanissume
1163 2434 1267 2466 Orelli

1525 1845 1564 1878 25
