1696 2730
140 142 188 180 16
212 147 254 190 56
564 143 622 180 M.
652 143 823 180 TVLLI
854 142 1166 182 CICERONIS

153 485 196 520 57

215 268 360 305 meque
381 268 515 294 earum
543 268 646 305 quae
665 255 718 294 ad
738 254 1064 294 communionem
1093 253 1302 294 hominum
1332 262 1371 294 et
1397 253 1563 294 liberali-

216 328 339 360 tatem
369 322 512 359 valent.
576 322 637 359 Ex
669 320 730 360 his
769 329 808 360 et
846 320 1141 360 cohortationes
1180 327 1390 360 sumuntur
1426 322 1478 360 ad
1516 333 1563 359 ea

218 386 426 426 retinenda
464 394 503 425 et
540 385 581 425 in
620 400 688 426 eos
719 399 743 425 a
773 386 920 437 quibus
953 400 1000 425 ea
1033 385 1177 425 violata
1216 393 1308 425 sunt
1339 385 1433 425 odia
1469 385 1564 424 inci-

218 459 360 500 tantur,
392 459 430 491 et
463 451 662 491 miseratio
696 451 879 491 nascitur.
906 453 909 458 '
939 451 1125 502 Proprius
1158 453 1270 491 locus
1304 458 1363 491 est
1391 451 1563 502 augendi

216 517 256 556 in
282 517 342 556 his
369 518 486 557 rebus
513 526 581 556 aut
604 517 758 556 amissis
787 525 855 556 aut
880 517 1090 557 amittendi
1118 517 1305 569 periculo.
1365 516 1476 556 Nihil
1505 525 1564 556 est

216 583 322 622 enim
352 590 434 622 tam
463 583 687 622 miserabile
707 597 828 634 quam
857 597 905 622 ex
933 584 1052 623 beato
1079 583 1206 623 miser.
1266 585 1318 622 Et
1337 584 1415 622 hoc
1435 589 1563 622 totum

217 657 276 688 est
296 650 405 700 quod
426 656 595 697 moveat,
618 648 649 687 si
675 662 754 699 qua
780 663 827 688 ex
852 650 1010 688 fortuna
1038 648 1126 700 quis
1152 650 1269 688 cadat
1289 656 1327 687 et
1349 662 1373 687 a
1394 662 1563 699 quorum

217 714 378 753 caritate
421 714 638 762 divellatur,
679 728 782 765 quae
819 714 974 753 amittat
1011 722 1079 753 aut
1115 713 1299 762 amiserit,
1339 714 1380 752 in
1419 713 1564 765 quibus

219 781 331 819 malis
370 779 420 819 sit
456 781 659 819 futurusve
703 780 752 820 sit
790 779 1019 830 exprimitur
1061 779 1241 818 breviter.
1319 779 1411 820 Cito
1455 778 1561 818 enim

219 845 408 885 exarescit
441 845 612 892 lacrima,
645 844 874 895 praesertim
909 844 949 883 in
980 844 1118 884 alienis
1154 845 1276 884 malis.
1335 846 1423 884 Nec
1456 845 1563 896 quic-

220 925 340 962 quam
369 910 410 949 in
439 910 748 961 amplificatione
772 910 889 949 nimis
918 911 1211 949 enucleandum
1241 918 1313 959 est,
1333 910 1486 949 minuta
1505 919 1564 950 est

220 976 325 1015 enim
358 975 488 1015 omnis
519 975 748 1026 diligentia,-
789 975 855 1014 hic
885 983 1018 1014 autem
1057 977 1168 1015 locus
1198 976 1361 1027 grandia
1390 975 1562 1027 requirit.

160 1048 204 1088 58
221 1043 327 1081 Illud
356 1041 435 1081 iam
465 1041 514 1080 sit
544 1041 678 1089 iudici,
709 1055 789 1092 quo
819 1055 978 1092 quaque
1006 1041 1047 1080 in
1081 1055 1200 1081 causa
1232 1055 1375 1093 genere
1408 1050 1565 1081 utamur

163 1586 204 1618 59

163 1899 205 1930 60

220 1107 403 1159 augendi.
463 1109 512 1145 In
546 1106 621 1145 illis
650 1106 757 1145 enim
787 1106 915 1145 causis
945 1120 1047 1157 quae
1080 1108 1133 1146 ad
1166 1107 1471 1147 delectationem
1503 1121 1565 1147 ex-

220 1181 410 1212 ornantur
430 1172 464 1211 ei
485 1172 561 1212 loci
583 1171 777 1211 tractandi
798 1180 889 1211 sunt
910 1172 977 1223 qui
1003 1186 1161 1212 movere
1180 1181 1348 1224 possunt
1368 1181 1565 1224 exspecta-

220 1239 370 1277 tionem
390 1237 695 1277 admirationem
715 1239 960 1289 voluptatem
975 1253 986 1286 3
1013 1238 1055 1276 in
1071 1238 1412 1278 cohortationibus
1431 1246 1565 1278 autem

220 1305 419 1343 bonorum
458 1310 497 1342 et
535 1305 729 1342 malorum
768 1303 1087 1343 enumerationes
1129 1311 1167 1343 et
1211 1306 1391 1355 exempla
1434 1306 1566 1343 valent

220 1369 446 1420 plurimum.
507 1370 556 1407 In
576 1368 732 1408 iudiciis
758 1368 978 1408 accusatori
1004 1370 1084 1408 fere
1110 1383 1213 1420 quae
1232 1371 1283 1408 ad
1307 1369 1564 1417 iracundiam,

220 1449 288 1475 reo
308 1436 543 1486 plerumque
564 1448 665 1485 quae
684 1435 736 1473 ad
763 1434 1073 1473 misericordiam
1097 1435 1318 1486 pertinent:
1347 1449 1429 1474 non
1455 1449 1568 1474 num-

222 1514 342 1551 quam
374 1507 508 1538 tamen
539 1506 578 1538 et
610 1507 816 1539 accusator
844 1499 1154 1539 misericordiam
1184 1513 1343 1539 movere
1373 1501 1494 1540 debet
1527 1508 1566 1540 et

222 1567 408 1605 defensor
447 1564 704 1604 iracundiam.
765 1565 1024 1604 Enumeratio
1066 1565 1217 1616 reliqua
1254 1573 1324 1613 est,
1371 1566 1564 1606 laudatori

223 1645 453 1682 numquam,
477 1629 625 1669 suasori
655 1644 736 1669 non
768 1643 897 1680 saepe,
919 1631 1139 1670 accusatori
1169 1631 1324 1682 saepius
1351 1645 1472 1682 quam
1499 1646 1566 1671 reo

223 1696 454 1737 necessaria.
525 1695 660 1735 Huius
698 1703 878 1747 tempora
915 1698 997 1736 duo
1035 1704 1138 1745 sunt,
1174 1697 1206 1736 si
1246 1705 1315 1736 aut
1353 1697 1568 1737 memoriae

223 1763 379 1802 diffidas
404 1774 542 1800 eorum
567 1762 676 1812 apud
705 1774 806 1812 quos
834 1775 940 1812 agas,
967 1763 1028 1801 vel
1057 1761 1262 1801 intervallo
1288 1762 1477 1814 temporis
1505 1764 1568 1802 vel

223 1827 471 1878 longitudine
497 1826 685 1866 orationis
714 1834 783 1865 aut
810 1827 1067 1878 frequentatis
1095 1827 1352 1867 firmamentis
1378 1828 1566 1867 orationis

224 1901 262 1933 et
283 1893 451 1932 breviter
471 1892 658 1943 expositis
678 1892 758 1930 vim
779 1900 837 1931 est
865 1892 1046 1932 habitura
1073 1907 1191 1932 causa
1218 1893 1418 1933 maiorem.
1478 1895 1567 1933 Reo

223 1958 345 1997 rarius
366 1960 560 1998 utendum
582 1956 686 2011 [est]‚
710 1959 819 2009 quod
848 1960 1037 2010 ponenda
1060 1966 1151 1998 sunt
1171 1959 1376 2007 contraria,
1398 1973 1567 2010 quorum

224 2024 433 2063 dissolutio
463 2023 503 2062 in
537 2023 728 2062 brevitate
767 2037 848 2062 non
886 2023 1045 2072 lucebit,
1077 2023 1204 2063 aculei
1242 2032 1429 2076 pungent.
1489 2026 1567 2064 Sed

225 2090 296 2129 erit
334 2089 374 2127 in
413 2087 712 2128 enumeratione
750 2088 968 2137 vitandum,
1010 2102 1060 2128 ne
1098 2089 1311 2128 ostentatio
1353 2089 1568 2128 memoriae

225 2163 408 2205 suscepta
427 2154 606 2194 videatur
632 2167 718 2193 esse
743 2153 915 2204 puerilis.
976 2155 1024 2193 Id
1048 2154 1207 2205 effugiet
1236 2154 1305 2206 qui
1330 2168 1412 2194 non
1433 2155 1568 2194 omnia

226 2221 390 2259 minima
418 2227 579 2271 repetet,
602 2221 672 2259 sed
698 2219 805 2259 brevi
832 2219 986 2270 singula
1011 2219 1207 2271 attingens
1233 2221 1412 2270 pondera
1437 2234 1565 2260 rerum

225 2287 309 2338 ipsa
329 2286 653 2337 comprehendet.

269 2403 286 2429 4
314 2391 477 2430 Proprius
494 2414 501 2421 .
521 2414 528 2422 .
549 2414 555 2421 .
574 2390 726 2430 periculo
742 2389 810 2422 secl.
830 2388 991 2420 Friedrich
1134 2399 1152 2428 7
1176 2394 1228 2420 est
1247 2390 1337 2430 quod
1353 2390 1405 2421 P:
1429 2390 1568 2430 quidem

226 2436 314 2475 vulg.
479 2445 500 2474 9
538 2434 742 2473 exprimitur
772 2433 823 2464 P:
863 2433 1075 2473 exprimatur
1105 2433 1194 2474 vulg.
1347 2444 1386 2473 14
1403 2434 1568 2465 delibera-

226 2480 352 2510 tionem
371 2477 405 2508 P
544 2487 585 2517 27
609 2482 660 2508 est
683 2488 750 2509 om.
776 2477 811 2507 P
938 2487 976 2517 31
1002 2477 1096 2508 brevi
1120 2476 1317 2509 Manutius:
1340 2478 1456 2510 brevia
1478 2477 1566 2510 codd.

1583 533 1600 564 5

1582 857 1624 880 10

1587 1517 1628 1539 20

1589 1843 1627 1875 25

1589 2171 1630 2201 30
