1630 2730
708 138 927 177 BRVTVS
1441 149 1484 178 12
1501 145 1546 187 46

153 257 231 294 que
250 243 370 283 fuisse
389 251 428 283 et
453 251 606 295 paratas
625 259 650 284 a
669 247 882 296 Protagora
909 259 1038 284 rerum
1067 245 1289 286 inlustrium
1310 246 1482 297 disputa-

153 308 292 356 tiones,
323 309 391 359 qui
419 323 527 349 nunc
556 323 790 349 communes
818 312 1066 361 appellantur
1094 310 1171 350 loci
1185 326 1196 360 5
1234 313 1343 362 quod
1372 311 1479 351 idem
1501 326 1543 360 ⁴7

151 373 292 412 fecisse
321 374 519 425 Gorgiam,
547 389 667 426 quem
694 375 934 426 singularum
963 390 1092 415 rerum
1123 378 1260 416 laudes
1290 377 1481 428 vitupera-

150 438 359 489 tionesque
389 440 679 491 conscripsisse,
710 443 820 491 quod
857 441 1048 480 iudicaret
1078 443 1156 481 hoc
1193 442 1357 482 oratoris
1395 456 1481 482 esse

114 516 132 548 5
151 503 320 542 maxime
348 505 563 555 proprium,
595 519 679 545 rem
707 520 850 556 augere
879 520 996 557 posse
1030 508 1231 546 laudando
1259 507 1482 558 vituperan-

150 570 284 619 doque
321 583 452 609 rursus
490 570 684 622 affligere;
729 571 822 610 huic
855 571 1146 622 Antiphontem
1185 573 1479 612 Rhamnusium

149 633 292 673 similia
319 637 515 684 quaedam
549 636 735 675 habuisse
768 636 1016 687 conscripta3
1049 651 1130 687 quo
1163 637 1365 677 neminem
1396 652 1479 677 um-

149 712 269 750 quam
303 699 443 739 melius
474 703 594 740 ullam
626 701 796 741 oravisse
829 702 968 753 capitis
999 716 1171 751 causam,
1202 716 1293 742 cum
1323 717 1365 742 se
1394 703 1478 754 ipse

148 765 389 811 defenderet,
423 764 482 819 [se
518 765 722 820 audiente]
756 769 932 818 locuples
965 775 1103 807 auctor
1136 767 1289 819 scripsit
1321 769 1478 819 Thucy-

92 841 131 864 10
148 830 287 878 dides3
330 843 423 870 nam
462 832 620 882 Lysiam
659 832 786 883 primo
823 832 996 883 profiteri
1035 833 1195 872 solitum
1232 841 1356 873 artem
1391 848 1477 874 esse
1496 833 1540 874 48

147 895 332 946 dicendi;
366 897 524 945 deinde,
556 899 666 948 quod
694 899 931 937 Theodorus
961 906 1063 937 esset
1097 898 1138 937 in
1168 906 1250 938 arte
1284 899 1475 947 subtilior,

146 960 187 1000 in
214 962 460 1002 orationibus
484 971 618 1002 autern
645 962 823 1011 ieiunior,
845 963 1044 1003 orationes
1073 978 1165 1003 eum
1194 964 1363 1003 scribere
1391 964 1476 1005 aliis

146 1027 336 1078 coepisse,
358 1035 482 1067 artem
503 1028 717 1067 removisse
731 1043 742 1077 ς
771 1028 948 1068 similiter
968 1031 1185 1068 Isocratem
1205 1029 1333 1080 primo
1352 1038 1476 1069 artem

146 1091 307 1132 dicendi
319 1107 406 1132 esse
423 1093 638 1143 negavisse,
653 1093 823 1133 scribere
837 1102 971 1133 autern
988 1094 1073 1133 aliis
1089 1094 1249 1133 solitum
1265 1095 1474 1143 orationes,

89 1172 126 1206 15
146 1157 290 1208 quibus
321 1158 362 1197 in
395 1158 551 1197 iudiciis
585 1166 811 1207 uterentur3
854 1161 925 1198 sed
954 1173 1046 1199 cum
1076 1173 1123 1198 ex
1151 1173 1211 1208 eo,
1242 1160 1335 1211 quia
1364 1160 1476 1211 quasi

145 1223 408 1263 committeret
437 1231 574 1263 contra
602 1225 729 1274 legem
756 1228 858 1275 ‘quo
885 1224 972 1274 quis
1002 1225 1150 1264 iudicio
1179 1225 1476 1265 circumvenire-

144 1290 230 1336 tur,'
249 1303 366 1340 saepe
393 1289 477 1340 ipse
504 1288 545 1327 in
572 1289 763 1328 iudicium
786 1297 1001 1338 vocaretur,
1023 1290 1220 1329 orationes
1246 1290 1332 1330 aliis
1359 1291 1475 1330 desti-

144 1352 236 1392 tisse
252 1354 420 1393 scribere
436 1362 645 1405 totumque
660 1368 702 1394 se
717 1356 768 1394 ad
783 1362 884 1394 artes
901 1357 1200 1406 componendas
1217 1356 1470 1396 transtulisse.
1492 1382 1536 1420 13

145 1420 196 1457 Et
216 1419 404 1458 Graeciae
425 1419 586 1470 quidem
611 1427 810 1459 oratorum
837 1428 970 1471 partus
995 1428 1115 1471 atque
1139 1421 1258 1460 fontis
1278 1421 1399 1471 vides,
1421 1424 1472 1462 ad
1492 1443 1535 1476 49

85 1499 127 1523 20
143 1490 366 1523 nostrorum
390 1484 592 1524 annalium
619 1485 811 1524 rationem
832 1493 993 1534 veteres,
1015 1487 1066 1525 ad
1094 1486 1270 1536 ipsorum
1297 1500 1392 1526 sane
1419 1501 1474 1526 re-

142 1556 287 1588 centes.
347 1551 451 1588 Nam
471 1557 563 1589 ante
583 1563 702 1600 quarn
723 1551 918 1589 delectata
937 1558 996 1589 est
1011 1551 1317 1591 Atheniensium
1337 1552 1473 1592 civitas

142 1613 218 1652 hac
241 1615 358 1653 laude
384 1614 556 1662 dicendi,
579 1617 703 1654 multa
729 1614 807 1654 iam
831 1616 1104 1655 memorabilia
1123 1624 1162 1655 et
1181 1616 1221 1655 in
1242 1617 1472 1657 domesticis

142 1686 180 1717 et
201 1678 240 1717 in
262 1679 412 1718 bellicis
433 1681 549 1719 rebus
570 1681 761 1719 effecerat.
822 1682 916 1720 Hoc
936 1689 1069 1720 autem
1090 1681 1266 1721 studium
1286 1696 1369 1722 non
1389 1690 1471 1722 erat

142 1757 357 1782 commune
378 1744 578 1792 Graeciae,
601 1746 671 1783 sed
694 1744 897 1795 proprium
917 1747 1175 1785 Athenarum.
1236 1746 1336 1796 Quis
1363 1747 1470 1786 enim
1491 1757 1534 1791 50

83 1823 122 1857 25
141 1816 208 1848 aut
234 1809 424 1859 Argivum
451 1817 647 1848 oratorem
675 1817 743 1848 aut
764 1809 1015 1849 Corinthium
1043 1818 1111 1850 aut
1130 1812 1370 1851 Thebanum
1397 1812 1471 1852 scit

140 1873 259 1913 fuisse
290 1873 535 1924 temporibus
569 1874 677 1913 illis?
717 1874 791 1913 nisi
825 1875 922 1925 quid
955 1876 1006 1914 de
1039 1876 1320 1926 Epaminonda
1350 1878 1471 1916 docto

140 1938 301 1978 homine
339 1938 530 1990 suspicari
564 1939 669 1978 libet.
741 1940 1106 1980 Lacedaemonium
1137 1954 1230 1980 vero
1263 1955 1390 1992 usque
1417 1943 1470 1981 ad

139 2005 216 2044 hoc
254 2011 410 2055 tempus
447 2004 580 2044 audivi
618 2004 737 2044 fuisse
775 2005 987 2045 neminem.
1066 2008 1297 2046 Menelaum
1339 2007 1470 2058 ipsum

181 2117 201 2138 2
224 2107 279 2148 qui
296 2107 488 2139 Eberhard:
511 2118 598 2149 quae
610 2107 640 2138 L
724 2118 755 2149 3,
772 2119 791 2149 4
815 2119 915 2149 quem
932 2133 940 2141 .
956 2133 964 2140 .
980 2134 988 2141 .
1007 2110 1252 2150 conscripsisse
1262 2110 1371 2142 Bake:
1395 2121 1470 2142 cum

208 2174 216 2183 .
242 2151 500 2191 conscripsisset
523 2152 552 2182 L
683 2162 705 2191 9
728 2163 765 2183 se
788 2153 948 2183 audiente
971 2152 1149 2184 damnavit
1172 2153 1297 2194 Campe
1430 2165 1471 2186 10

138 2205 214 2226 nam
232 2194 282 2226 L:
304 2200 374 2226 tum
391 2195 580 2226 Eberhard:
604 2195 668 2226 iarn
684 2194 809 2235 Stangl
893 2206 970 2227 esse
993 2197 1062 2228 secl.
1092 2197 1183 2227 Bake
1298 2207 1336 2237 13
1360 2198 1469 2238 primo

135 2238 204 2269 secl.
232 2237 404 2269 Eberhard
488 2244 595 2270 artem
619 2263 627 2271 .
653 2262 661 2271 .
687 2263 695 2270 .
723 2239 902 2279 negavisse
924 2243 954 2270 et
975 2245 1086 2272 autem
1101 2241 1172 2271 secl.
1192 2240 1322 2280 Kayser
1430 2252 1469 2282 15

136 2282 231 2322 quasi
257 2283 311 2322 qui
323 2281 419 2320 Jahn
594 2284 632 2313 16
654 2293 674 2313 a
699 2293 766 2323 quo
782 2282 856 2323 quis
868 2283 964 2322 jahn
1052 2284 1335 2316 circumvenietur
1350 2285 1471 2316 maluit

136 2323 272 2356 Martha
406 2335 446 2366 19
469 2331 585 2366 partus
607 2330 711 2366 atque
734 2326 844 2357 sontes
860 2326 914 2358 L:
938 2331 1054 2367 partus
1077 2332 1179 2368 atque
1204 2328 1294 2360 setus
1316 2328 1470 2361 Ernesti:

962 2370 979 2396 b

133 2406 229 2434 ortus
245 2407 346 2443 atque
362 2402 473 2435 sontes
485 2403 582 2445 Jahn
691 2414 732 2444 27
756 2402 838 2435 libet
856 2402 908 2435 O:
931 2404 1012 2435 licet
1031 2403 1081 2436 F:
1104 2403 1196 2435 1ubet
1212 2403 1300 2437 codd.

301 2457 313 2475 0
