1630 2730
149 170 173 210 ⁵
197 138 234 210 1‘9
564 163 620 200 M.
653 163 822 201 TVLLI
853 162 1162 203 CICERONIS

193 274 444 325 accepimus:
475 274 611 326 eisque
635 283 792 315 nosmet
818 275 892 327 ipsi
912 277 964 316 ad
983 290 1112 316 rerum
1137 283 1358 316 nostrarum
1380 278 1529 317 memoss

194 339 290 378 riam
313 341 733 391 comprehendendam
753 340 913 391 impulsi
932 349 1053 392 atque
1072 341 1224 380 incensi
1244 355 1392 381 sumus.
1448 343 1528 382 Sed

135 424 175 446 20
194 405 270 453 illa,
294 419 385 444 cum
414 405 561 456 poteris
575 421 585 455 ;
614 414 734 457 atque
760 414 803 445 ut
828 406 967 457 possis,
989 420 1109 457 rogo3
1134 421 1241 446 nunc
1260 421 1364 456 vero,
1387 406 1526 458 inquit,

193 471 225 509 si
255 484 296 510 es
322 471 457 511 animo
483 485 623 520 vacuo,
643 485 797 522 expone
826 471 942 511 nobis
971 473 1080 522 quod
1110 472 1347 522 quaerimus.
1405 473 1530 523 Quid-

192 550 285 575 nam
313 545 372 576 est
396 537 465 576 id?
494 537 669 587 inquam.
729 538 851 587 Quod
878 537 975 575 mihi
1002 551 1128 588 nuper
1153 537 1194 576 in
1218 539 1448 577 Tusculano
1474 537 1530 576 in-
1547 551 1565 584 5

192 602 385 641 cohavisti
414 604 465 642 de
495 602 726 651 oratoribus,
746 604 912 653 quando
941 616 1027 642 esse
1056 602 1292 654 coepissent,
1315 602 1383 654 qui
1409 603 1528 642 etiam

192 675 231 706 et
258 669 393 718 quales
417 668 594 707 fuissent.
654 670 786 718 Quem
816 681 890 718 ego
917 682 1141 707 sermonem
1171 682 1263 707 cum
1288 670 1340 708 ad
1361 671 1527 707 Brutum

192 740 305 771 tuum
321 735 382 773 vel
403 741 582 772 nostrum
603 734 736 784 potius
752 733 995 781 detulissem,
1012 747 1156 784 magno
1173 747 1292 785 opere
1312 733 1377 772 hic
1392 733 1528 774 audire

192 812 234 838 se
253 801 354 838 velle
374 799 482 838 dixit.
533 801 675 850 Itaque
695 801 803 838 hunc
824 799 1013 850 elegimus
1034 799 1152 847 diem,
1168 813 1260 838 cum
1281 807 1320 839 te
1339 799 1528 839 sciremus
1627 852 1630 856 1

191 877 277 903 esse
297 878 479 903 vacuum.
539 867 630 915 Qua
650 879 701 913 re,
724 865 755 904 si
777 865 848 904 tibi
869 873 927 904 est
948 866 1220 913 commodum,
1242 866 1318 904 ede
1340 865 1407 904 illa
1426 879 1529 916 quae
1551 882 1588 903 ιο
1626 863 1630 909 !

133 947 170 969 21
192 943 379 981 coeperas
404 938 443 969 et
465 933 587 969 Bruto
614 938 653 970 et
680 930 789 969 mihi.
849 932 935 981 Ego
962 944 1066 978 vero,
1088 930 1267 981 inquam,
1287 930 1319 969 si
1348 938 1527 982 potuero,

191 996 334 1035 faciam
365 996 478 1035 vobis
514 996 618 1035 satis.
679 996 841 1044 Poteris,
869 996 1021 1047 inquit:
1051 997 1181 1035 relaxa
1211 997 1334 1036 modo
1365 998 1527 1047 paulum

191 1061 370 1100 animum
398 1069 466 1100 aut
493 1075 601 1111 sane,
622 1062 653 1100 si
681 1069 806 1113 potes,
829 1062 963 1101 libera.

247 1128 406 1178 Nempe
444 1127 560 1178 igitur
599 1127 692 1166 hinc
730 1135 826 1175 tum,
862 1127 1075 1178 Pomponi,
1105 1129 1249 1167 ductus
1288 1134 1348 1167 est
1385 1140 1526 1174 sermo,

193 1194 303 1243 quod
332 1201 413 1232 erat
441 1206 465 1231 a
498 1207 562 1232 me
597 1193 747 1232 mentio
779 1194 882 1232 facta
913 1206 1072 1232 causam
1104 1192 1281 1232 Deiotari
1310 1192 1530 1232 fidelissimi
1552 1210 1586 1242 15

193 1266 313 1308 atque
340 1258 480 1309 optimi
504 1259 604 1309 regis
629 1258 876 1298 ornatissime
903 1266 942 1298 et
968 1258 1241 1310 copiosissime
1267 1272 1290 1297 a
1315 1260 1438 1297 Bruto
1465 1272 1530 1298 me

146 1327 174 1364 6
193 1324 352 1363 audisse
375 1326 592 1363 defensam.
651 1324 753 1372 Scio,
776 1324 918 1375 inquit,
937 1325 989 1363 ab
1012 1324 1088 1364 isto
1115 1324 1227 1363 initio
1251 1332 1419 1363 tractum
1443 1338 1529 1364 esse

193 1403 418 1429 sermonem
443 1397 561 1440 teque
583 1389 694 1428 Bruti
717 1391 921 1429 dolentem
947 1390 1075 1429 vicem
1103 1389 1215 1441 quasi
1242 1389 1450 1429 deflevisse
1475 1389 1530 1429 iu-

193 1455 388 1494 diciorum
409 1455 631 1494 vastitatem
652 1463 691 1495 et
710 1455 795 1495 fori.
854 1455 957 1504 Feci,
981 1455 1156 1506 inquam,
1179 1455 1280 1494 istuc
1300 1455 1463 1506 quidem
1490 1447 1551 1495 et'

132 1538 170 1560 22
193 1534 311 1572 saepe
345 1521 459 1560 facio.
518 1523 622 1560 Nam
658 1521 766 1569 mihi,
800 1523 931 1569 Brute,
965 1521 1006 1559 in
1037 1529 1075 1560 te
1109 1521 1278 1560 intuenti
1316 1521 1454 1560 crebro
1487 1521 1529 1560 in
1549 1539 1589 1560 20

194 1595 370 1626 mentem
396 1586 503 1626 venit
529 1586 663 1635 vereri,
692 1588 944 1637 ecquodnam
974 1587 1210 1626 curriculum
1237 1586 1454 1638 aliquando
1480 1586 1530 1626 sit

193 1653 470 1691 habitura-tua
496 1660 535 1691 et
561 1660 701 1691 natura
729 1652 972 1691 admirabilis
1000 1659 1039 1692 et
1065 1652 1258 1703 exquisita
1283 1652 1465 1692 doctrina
1490 1660 1530 1692 et

194 1718 400 1770 singularis
421 1718 624 1758 industria.
684 1719 788 1758 Cum
813 1717 919 1757 enim
944 1718 985 1756 in
1006 1717 1186 1757 maximis
1207 1717 1335 1757 causis
1355 1725 1529 1758 versatus

196 1798 303 1824 esses
325 1792 363 1824 et
384 1798 475 1823 cum
493 1784 564 1824 tibi
583 1791 691 1823 aetas
712 1792 847 1823 nostra
866 1783 944 1822 iam
965 1785 1123 1823 cederet
1138 1784 1335 1835 fascisque
1355 1784 1531 1823 summit-

191 1858 302 1898 teret,
332 1850 466 1889 subito
492 1850 533 1888 in
562 1850 720 1889 civitate
748 1863 839 1889 cum
866 1850 942 1889 alia
969 1849 1200 1889 ceciderunt
1226 1857 1311 1889 tum
1337 1849 1456 1889 etiam
1483 1863 1531 1890 ea
1550 1867 1587 1899 25

131 1930 171 1961 23
191 1915 288 1967 ipsa,
311 1917 362 1954 de
382 1929 462 1966 qua
481 1915 683 1966 disputare
704 1915 892 1963 ordimur,
915 1915 1143 1966 eloquentia
1163 1914 1372 1955 obmutuit.
1423 1917 1529 1955 Tum

190 1981 279 2020 ille:
328 1982 558 2021 Ceterarum
597 1994 727 2020 rerum
771 1994 900 2028 causa,
941 1980 1080 2031 inquit,
1116 1980 1217 2019 istuc
1255 1987 1295 2020 et
1335 1981 1454 2021 doleo
1492 1988 1531 2020 et

191 2048 411 2087 dolendum
451 2054 574 2097 puto3
615 2045 776 2085 dicendi
813 2053 947 2084 autem
979 2059 1043 2085 me
1081 2059 1163 2085 non
1195 2052 1276 2084 tam
1309 2047 1458 2086 fructus
1492 2054 1531 2086 et

190 2112 313 2164 gloria
342 2126 462 2162 quam
494 2111 670 2150 studium
698 2111 828 2162 ipsum
855 2111 1161 2162 exercitatioque
1192 2113 1389 2151 delectat:
1420 2114 1531 2163 quod

192 2177 290 2216 mihi
329 2179 437 2216 nulla
474 2191 534 2216 res
573 2177 711 2228 eripiet
749 2184 788 2216 te
826 2176 1053 2228 praesertim
1097 2184 1178 2216 tam
1221 2177 1401 2218 studioso
1440 2178 1528 2218 mei.
1550 2198 1591 2230 30

237 2287 251 2307 1
277 2277 319 2308 ad
347 2287 461 2308 rerum
491 2281 684 2307 nostrarum
717 2275 926 2307 Lambinus:
963 2276 1005 2307 ad
1036 2279 1190 2307 veterum
1221 2277 1391 2308 annalium
1427 2277 1536 2309 Victor

190 2320 358 2351 Pssvms:
384 2321 425 2351 ad
441 2331 551 2351 rerum
569 2320 769 2351 naturalium
787 2319 816 2350 L
834 2332 841 2351 :
864 2320 907 2351 ad
921 2325 1072 2351 veterum
1088 2330 1201 2351 rerum
1215 2325 1404 2352 nostrarum
1417 2321 1508 2363 vulg.
1524 2334 1531 2353 :

191 2365 233 2395 ad
250 2375 280 2395 v.
301 2375 325 2395 r.
344 2365 544 2395 nostratium
560 2364 728 2395 Baehrens
841 2374 879 2403 13
900 2374 984 2394 sane
1001 2363 1091 2395 codd.
1109 2375 1116 2395 :
1140 2364 1242 2404 plane
1262 2363 1382 2395 Wetzel
1491 2366 1530 2396 18

191 2408 287 2448 quasi
304 2409 372 2439 scel.
393 2407 538 2448 Stangl:
570 2408 720 2448 graviter
745 2408 866 2439 maluit
878 2407 1054 2438 Eberhard
1182 2418 1220 2438 21
1246 2409 1458 2448 ecquodnam
1478 2409 1530 2441 O:

190 2457 225 2483 et
253 2452 423 2492 quodnam
442 2452 494 2483 F:
518 2452 691 2492 quodnam
708 2452 798 2493 vulg.
895 2462 937 2491 30
961 2462 1016 2483 res
1031 2450 1122 2483 codd.
1140 2463 1147 2483 :
1171 2452 1221 2483 vis
1237 2452 1273 2484 C.
1284 2452 1323 2484 F.
1340 2452 1391 2484 W.
1407 2451 1534 2484 Mulier

189 2497 344 2528 studioso
362 2496 427 2527 mei
445 2495 637 2538 Margraff:
665 2496 856 2528 studiosum
874 2501 909 2527 et
932 2495 961 2527 L
978 2507 985 2527 :
1009 2496 1162 2527 studioso
1183 2495 1297 2528 codd.:
1320 2497 1472 2528 studioso
1496 2502 1530 2528 et
