1696 2730
342 558 410 607 M.
463 557 702 606 TVLLI
756 557 1206 607 CICERONIS

141 693 241 741 DE
289 692 575 741 OPTIMO
620 692 928 741 GENERE
981 693 1403 741 ORATORVM

163 846 406 885 ORATORVM
443 858 587 896 genera
624 858 710 884 esse
743 844 930 884 dicuntur
966 851 1170 896 tamquam
1208 853 1414 897 poetarum
1431 860 1440 894 3
1458 836 1476 864 1

108 910 149 950 id
178 924 292 950 secus
321 918 391 958 est,
422 924 515 949 nam
544 911 710 950 alterum
739 917 799 949 est
827 910 1045 961 multiplex.
1104 911 1304 951 Poematis
1333 911 1439 951 enirn
1464 897 1473 918 ι

107 975 243 1027 tragici
263 975 406 1015 comici
426 975 529 1027 epici
548 975 679 1015 melici
699 975 819 1015 etiam
838 989 885 1015 ac
905 975 1196 1027 dithyrambici‚
1216 991 1297 1028 quo
1317 977 1440 1028 magis

7 1094 10 1096 v
109 1049 168 1081 est
206 1049 415 1080 tractatum
455 1039 495 1094 [a
528 1039 710 1094 Latinis],
746 1055 862 1080 suum
901 1041 1094 1092 cuiusque
1132 1050 1201 1090 est,
1242 1042 1440 1082 diversum

70 1127 87 1158 5
109 1121 133 1146 a
151 1106 322 1158 reliquis.
382 1108 523 1157 Itaque
543 1114 582 1146 et
605 1106 646 1145 in
666 1106 868 1158 tragoedia
894 1107 1093 1146 comicum
1114 1107 1300 1147 vitiosum
1324 1115 1383 1147 est
1403 1115 1442 1147 et

7 1163 11 1169 Α
112 1172 150 1211 in
170 1172 380 1212 comoedia
406 1179 518 1223 turpe
544 1171 735 1223 tragicum
749 1186 760 1221 3
789 1179 828 1211 et
856 1171 897 1210 in
923 1172 1063 1212 ceteris
1092 1187 1186 1212 suus
1213 1181 1272 1212 est
1298 1173 1442 1224 cuique

109 1245 238 1278 certus
265 1251 386 1277 sonus
413 1244 452 1276 et
478 1238 674 1288 quaedam
701 1237 1020 1288 intellegentibus
1046 1246 1142 1278 nota
1160 1252 1246 1278 vox.
1305 1239 1444 1278 Orato-
1465 1253 1479 1273 2

110 1317 198 1342 rum
217 1311 350 1342 autem
371 1303 403 1353 si
424 1302 511 1354 quis
531 1302 585 1342 ita
604 1310 786 1342 numerat
805 1304 917 1354 plura
935 1317 1089 1354 genera,
1105 1311 1148 1343 ut
1167 1304 1265 1343 alios
1284 1304 1442 1355 grandis

111 1376 180 1407 aut
198 1368 324 1420 gravis
350 1376 417 1407 aut
440 1368 636 1419 copiosos,
658 1368 756 1407 alios
781 1368 910 1408 tenuis
933 1376 1002 1408 aut
1028 1369 1182 1409 subtilis
1205 1377 1272 1408 aut
1300 1369 1441 1418 brevis,

52 1448 95 1473 10
111 1433 209 1473 alios
238 1433 294 1473 eis
322 1433 548 1473 interiectos
577 1441 616 1472 et
644 1440 847 1485 tamquam
878 1433 1033 1473 medios
1061 1442 1183 1485 putet,
1205 1436 1250 1473 de
1277 1435 1445 1474 homini-

20 1491 31 1494 ‚.
114 1499 187 1538 bus
207 1499 303 1538 dicit
329 1498 490 1550 aliquid,
513 1500 564 1538 de
590 1512 631 1538 re
650 1512 800 1550 parum.
860 1501 909 1538 In
935 1513 976 1538 re
996 1499 1102 1539 enim
1130 1500 1227 1551 quid
1247 1500 1443 1551 optimum

112 1563 162 1603 sit
200 1563 407 1615 quaeritur,
443 1563 484 1602 in
522 1563 686 1603 homine
723 1563 867 1603 dicitur
904 1566 1014 1615 quod
1045 1572 1114 1604 est.
1174 1567 1316 1616 Itaque
1353 1565 1444 1604 licet

115 1629 247 1669 dicere
284 1637 323 1668 et
363 1629 537 1668 Ennium
576 1643 777 1668 summum
814 1629 973 1680 epicum
1011 1637 1183 1681 poetam,
1219 1630 1252 1669 si
1289 1630 1354 1669 cui
1391 1630 1445 1669 ita

113 1695 280 1743 videtur,
301 1701 341 1734 et
370 1693 586 1733 Pacuvium
613 1694 803 1745 tragicum
830 1702 869 1734 et
893 1694 1111 1735 Caecilium
1138 1697 1302 1735 fortasse
1326 1695 1446 1735 comi-

54 1773 93 1807 15
113 1774 217 1800 cum.
258 1760 466 1800 Oratorem
481 1773 624 1810 genere
639 1773 720 1798 non
736 1759 872 1799 divido
886 1774 897 1808 3
924 1761 1142 1810 perfectum
1158 1760 1265 1799 enirn
1285 1774 1443 1811 quaero.
1465 1774 1483 1804 3

113 1829 250 1865 Vnum
283 1832 342 1864 est
375 1831 508 1864 autem
538 1837 663 1875 genus
700 1823 874 1874 perfecti,
906 1838 930 1863 a
960 1837 1041 1875 quo
1074 1824 1142 1875 qui
1175 1825 1330 1872 absunt,
1364 1838 1445 1864 non

114 1904 258 1943 genere
294 1890 492 1937 differunt,
531 1897 575 1928 ut
613 1888 822 1928 Terentius
859 1889 913 1928 ab
949 1889 1088 1939 Accio,
1122 1891 1192 1930 sed
1230 1890 1271 1928 in
1301 1891 1445 1930 eodem

115 1970 258 2008 genere
294 1969 377 1995 non
415 1962 507 1995 sunt
539 1968 662 2006 pares.
733 1953 921 2005 Optimus
959 1962 1019 1994 est
1056 1954 1162 1994 enirn
1201 1962 1343 2003 orator,
1377 1955 1445 2006 qui

113 2022 286 2062 dicendo
316 2022 471 2060 animos
501 2019 748 2059 audientium
780 2027 819 2059 et
849 2021 968 2059 docet
1002 2027 1040 2059 et
1078 2021 1250 2060 delectat
1287 2028 1326 2059 et
1364 2033 1447 2071 per-

32 2101 95 2125 720
114 2095 259 2127 movet.
318 2088 476 2126 Docere
509 2084 689 2125 debitum
724 2092 794 2132 est,
830 2086 1026 2124 delectare
1062 2085 1332 2134 honorarium,
1364 2099 1447 2136 per-

156 2201 187 2231 3,
206 2201 226 2229 4
248 2200 316 2230 quo
340 2214 348 2222 .
372 2215 381 2223 .
406 2214 414 2222 .
437 2198 536 2220 suum
562 2186 631 2218 secl.
648 2186 744 2225 Jahn
891 2187 1001 2228 magis
1025 2187 1142 2220 codd.:
1171 2187 1283 2220 rarius
1309 2187 1447 2219 Hedicke

115 2245 136 2273 4
158 2245 178 2266 a
195 2234 327 2266 Latinis
342 2234 410 2266 secl.
431 2231 593 2264 Friedrich
671 2241 768 2262 suurn
785 2231 950 2271 cuiusque
971 2231 1169 2263 Manutius:
1193 2242 1292 2262 suurn
1308 2241 1377 2271 quo
1394 2232 1446 2263 ius

40 2279 51 2286 ‘⁷
116 2277 179 2309 GP
192 2289 200 2310 ε
230 2288 396 2318 suumque
419 2276 472 2308 ius
492 2277 522 2308 θ’
537 2287 544 2307 :
571 2284 669 2305 suum
685 2275 791 2306 cuivis
802 2274 908 2314 Jahn.
963 2276 1083 2307 Totum
1100 2275 1208 2306 Iocum
1223 2274 1448 2306 Mommsenio

113 2320 192 2353 duce
209 2322 256 2352 sic
274 2322 405 2361 refinxit
414 2321 512 2360 Jahn
529 2330 537 2350 ε
560 2319 593 2349 id
616 2327 716 2350 secus
738 2323 810 2357 est;
835 2328 911 2350 nam
930 2319 1074 2350 alterum
1098 2323 1152 2350 est
1172 2318 1348 2359 multiplex
1366 2329 1446 2359 poe-

113 2365 212 2396 matis
233 2365 355 2405 tragici
377 2363 495 2397 comici
517 2362 613 2403 epici,
634 2362 746 2394 melici
765 2362 866 2405 etiarn
888 2372 927 2394 ac
951 2362 1199 2404 dithyrambici,
1219 2371 1317 2393 suum
1340 2362 1446 2394 cuivis

45 2428 47 2431 f
113 2412 148 2440 et
163 2409 332 2440 diversum
351 2419 371 2440 a
386 2407 530 2449 reliquis
594 2407 616 2436 6
639 2407 761 2447 cuique
781 2406 809 2438 G
825 2418 832 2437 :
852 2407 1015 2446 cuiusque
1030 2406 1065 2437 P
1126 2407 1158 2446 6,
1173 2416 1190 2445 7
1214 2410 1317 2446 atque
1333 2410 1447 2437 certus

114 2451 236 2483 maluit
244 2450 386 2484 Hedicke
445 2462 495 2492 10,
513 2460 548 2482 11
573 2449 616 2482 de
629 2449 822 2482 hominibus
834 2450 916 2482 dicit
930 2450 1052 2482 Orelli:
1070 2449 1264 2481 hominibus
1274 2449 1376 2480 deicit
1389 2448 1453 2481 GP

157 2515 222 2539 cre.
241 2514 434 2548 oum-ons
1320 2504 1361 2536 13

273 2544 378 2647 f
