1696 2730
0 2636 39 2730 aa?

679 152 916 193 ORATOR
1410 155 1470 202 64
1489 162 1549 193 218

134 256 324 307 quoniam
348 255 447 295 nihil
472 256 525 295 ad
550 269 634 295 rem
662 263 731 304 est,
754 263 955 307 postrema
983 269 1103 307 quam
1123 258 1242 308 longa
1261 256 1321 296 sit.
1382 259 1468 297 Iam

134 335 272 373 paean,
300 322 410 372 quod
438 320 559 372 pluris
589 321 735 360 habeat
763 322 932 371 syllabas
966 334 1087 372 quam
1121 321 1199 370 tris,
1230 335 1418 362 numerus
1447 337 1470 362 a

134 386 385 438 quibusdam,
407 400 490 426 non
518 399 589 437 pes
617 387 796 426 habetur.
855 388 928 425 Est
947 386 1122 437 quidem,
1145 394 1188 426 ut
1215 386 1317 427 inter
1339 388 1470 428 omnis

135 459 291 492 constat
318 451 514 503 antiquos,
536 451 802 500 Aristotelem,
825 453 1157 504 Theophrastum,
1181 454 1468 502 Theodectem‚

99 530 116 562 5
137 518 354 568 Ephorum,
376 530 478 556 unus
497 516 723 568 aptissimus
752 517 920 557 orationi
940 519 1001 557 vel
1029 517 1170 558 orienti
1198 520 1260 557 vel
1289 518 1471 568 mediae;

134 589 276 633 putant
311 581 367 621 illi
403 581 523 621 etiam
559 582 733 632 cadenti,
769 596 850 634 quo
887 584 977 622 loco
1015 582 1113 622 mihi
1154 582 1309 623 videtur
1344 583 1473 635 aptior

135 647 312 687 creticus.
373 646 595 687 Dochmius
622 655 756 687 autem
785 661 807 687 e
836 648 1013 699 quinque
1042 648 1212 699 syllabis,
1237 649 1357 698 brevi,
1380 650 1474 688 dua-

136 713 211 752 bus
238 712 376 764 longis,
399 712 518 761 brevi,
546 714 674 764 longa,
702 721 744 752 ut
772 720 831 752 est
859 714 961 753 hoc:
990 713 1155 753 Amicos
1184 722 1306 762 tenes,
1332 714 1472 765 quovis

136 779 226 817 loco
244 786 359 829 aptus
378 785 449 826 est,
470 779 567 817 dum
587 780 710 817 semel
728 785 919 829 ponatur:
948 778 1109 818 iteratus
1127 786 1196 818 aut
1219 778 1472 818 continuatus
1491 818 1519 857 6

80 863 121 887 10
137 857 347 883 numerum
375 850 554 894 apertum
583 851 622 883 et
646 843 764 883 nimis
788 843 984 895 insignem
1013 844 1116 884 facit.
1175 843 1253 883 His
1280 843 1395 895 igitur
1414 851 1472 883 tot
1494 825 1556 923 ²159

137 908 517 948 commutationibus
549 916 711 959 tamque
744 908 859 948 variis
892 909 925 948 si
957 917 1125 957 utemur,
1153 922 1228 948 nec
1257 911 1474 960 deprehen-

137 974 253 1012 detur
271 973 481 1013 manifesto
501 974 598 1024 quid
623 988 647 1013 a
672 973 788 1014 nobis
815 975 866 1014 de
882 974 1074 1014 industria
1099 975 1167 1013 fiat
1190 982 1229 1014 et
1249 982 1475 1014 occurretur

137 1038 316 1078 satietati.
376 1041 427 1078 Et
456 1039 549 1090 quia
577 1052 671 1078 non
688 1053 846 1078 numero
869 1042 992 1078 solum
1018 1053 1229 1079 numerosa
1255 1039 1380 1079 oratio
1404 1041 1474 1079 sed

137 1112 177 1144 et
205 1105 495 1155 compositione
523 1106 567 1143 fit
595 1112 634 1144 et
661 1118 815 1155 genere,
844 1106 954 1156 quod
981 1113 1075 1144 ante
1107 1105 1259 1144 dictum
1288 1112 1358 1153 est,
1384 1118 1476 1144 con—

83 1182 120 1214 15
138 1170 683 1221 cinnitatis—compositione
720 1177 851 1222 potest
888 1170 1073 1221 intellegi,
1108 1184 1200 1209 cum
1238 1170 1292 1209 ita
1328 1178 1475 1210 structa

137 1235 257 1274 verba
275 1243 379 1284 sunt,
400 1243 443 1274 ut
463 1249 650 1274 numems
678 1249 760 1274 non
786 1235 987 1286 quaesitus
1013 1236 1084 1275 sed
1107 1235 1192 1286 ipse
1212 1243 1370 1275 secutus
1390 1249 1476 1275 esse

137 1299 327 1349 videatur,
360 1307 403 1339 ut
434 1302 543 1351 apud
577 1301 791 1340 Crassum:
834 1302 941 1340 Nam
975 1300 1044 1340 ubi
1076 1300 1202 1340 libido
1235 1301 1473 1349 dominatur,

138 1365 390 1405 innocentiae
410 1367 494 1405 leve
514 1365 754 1417 praesidium
775 1373 858 1414 est3
887 1367 986 1405 ordo
1006 1365 1112 1405 enim
1128 1366 1338 1405 verborum
1358 1365 1476 1405 efficit

139 1445 347 1470 numerum
377 1431 462 1470 sinc
494 1433 575 1470 ulla
606 1439 741 1482 aperta
773 1431 937 1470 oratoris
970 1430 1241 1480 industria—3
1280 1431 1414 1481 itaque
1445 1430 1477 1470 si

8 1483 16 1521 ss
83 1516 123 1540 20
140 1510 242 1547 quae
261 1504 411 1536 veteres
431 1496 497 1545 illi,
520 1498 775 1536 Herodotum
796 1496 888 1536 dico
908 1504 946 1536 et
972 1496 1252 1547 Thucydidem
1272 1503 1477 1546 totamque

139 1575 228 1601 eam
255 1569 437 1609 aetatem,
458 1569 549 1612 apte
578 1575 869 1612 numeroseque
897 1561 1089 1610 dixerunt,
1121 1575 1168 1600 ea
1194 1574 1277 1600 non
1310 1574 1476 1600 numero

139 1626 330 1678 quaesito,
361 1627 432 1666 sed
463 1627 673 1666 verborum
702 1626 979 1666 conlocatione
1011 1626 1250 1666 ceciderunt.
1310 1628 1477 1666 Formae
1497 1642 1562 1666 220

139 1705 232 1731 vero
261 1692 458 1742 quaedam
482 1699 574 1730 sunt
600 1691 799 1740 orationis,
827 1691 867 1730 in
894 1692 1039 1743 quibus
1068 1706 1115 1731 ea
1142 1692 1389 1732 concinnitas
1418 1699 1478 1731 est

139 1765 182 1796 ut
211 1765 398 1808 sequatur
425 1770 612 1796 numerus
642 1757 874 1797 necessario.
934 1759 1038 1797 Nam
1068 1771 1158 1797 cum
1194 1764 1262 1796 aut
1295 1771 1365 1809 par
1394 1757 1478 1808 pari

84 1835 123 1867 25
139 1824 302 1862 refertur
329 1830 397 1861 aut
425 1822 664 1862 contrarium
694 1822 890 1862 contrario
919 1822 1133 1873 opponitur
1160 1830 1228 1862 aut
1254 1836 1356 1874 quae
1376 1822 1478 1862 simi-

139 1888 227 1928 liter
256 1890 405 1928 cadunt
437 1889 557 1927 verba
588 1888 717 1927 verbis
750 1896 1038 1940 comparantur,
1072 1888 1269 1940 quidquid
1300 1888 1355 1928 ita
1387 1901 1479 1928 con-

140 1953 322 2001 cluditur,
345 1954 578 2004 plerumque
607 1954 651 1992 fit
679 1961 722 1992 ut
750 1967 960 1993 numerose
988 1955 1116 2002 cadat,
1145 1967 1225 2004 quo
1254 1955 1306 1994 de
1335 1967 1478 2005 genere

141 2031 233 2058 cum
253 2018 442 2070 exemplis
462 2032 579 2069 supra
598 2018 768 2058 diximus
783 2033 794 2067 ς
821 2026 865 2057 ut
884 2019 982 2058 haec
1002 2032 1162 2070 quoque
1182 2019 1298 2070 copia
1320 2020 1479 2059 faculta-

145 2091 224 2123 tem
263 2085 413 2123 adferat
446 2097 528 2123 non
566 2097 721 2135 semper
757 2084 901 2123 eodem
941 2085 1064 2124 modo
1101 2084 1322 2124 desinendi.
1390 2086 1478 2124 Nec

87 2163 128 2195 30
146 2156 279 2188 tamen
308 2150 407 2188 haec
435 2149 489 2188 ita
517 2157 609 2188 sunt
636 2156 720 2188 arta
749 2156 788 2188 et
819 2149 987 2197 astricta,
1018 2156 1062 2189 ut
1089 2163 1147 2198 ea,
1177 2163 1269 2189 cum
1299 2149 1476 2199 velimus,

189 2263 210 2284 2
232 2253 356 2284 habeat
371 2252 400 2284 L
417 2264 423 2284 :
448 2252 550 2284 habet
566 2252 715 2292 Rufinus
904 2263 925 2292 3
947 2253 1091 2284 habetur
1105 2252 1134 2284 L
1151 2264 1158 2284 :
1180 2253 1393 2285 existimatur
1407 2253 1479 2284 Ru-

138 2297 253 2338 finus:
278 2297 475 2328 nominatur
491 2295 578 2327 Reid
720 2306 760 2336 13
785 2307 926 2328 nurnero
941 2297 1050 2328 solum
1066 2296 1154 2329 codd.
1172 2297 1245 2329 dett.
1266 2297 1346 2339 (om.
1364 2307 1478 2328 nume-

146 2344 262 2381 rosa):
285 2351 352 2373 om.
370 2340 400 2371 L
543 2351 585 2380 23
610 2351 650 2371 ea
672 2339 765 2372 edd.:
798 2351 838 2372 ea
861 2341 889 2371 si
911 2340 941 2371 L
959 2352 967 2372 ι
993 2351 1035 2372 ea
1057 2341 1186 2372 scilicet
1202 2340 1342 2382 Stangl:
1368 2351 1408 2372 ea
1429 2341 1478 2373 sic

146 2383 332 2426 Heerdegen
465 2385 572 2425 26-27
597 2384 761 2425 quidquid
780 2409 788 2417 .
807 2408 814 2416 .
831 2408 840 2417 .
860 2384 897 2416 fit
911 2384 1023 2427 vulg.:
1047 2384 1128 2425 quid
1144 2385 1233 2424 quod
1252 2410 1260 2418 .
1277 2408 1286 2418 .
1304 2408 1313 2418 .
1333 2385 1380 2417 sic
1397 2383 1427 2416 L
1471 2418 1474 2420 ,
