1696 2730
163 146 208 189 15
227 157 268 191 50
558 140 631 188 .M·
673 139 844 178 TVLLI
883 137 1195 178 CICERONIS

157 274 205 312 15
280 251 415 301 Atque
447 249 488 288 in
520 248 657 300 primis
694 249 850 288 duabus
887 246 1050 287 dicendi
1085 245 1263 298 partibus
1293 243 1420 296 qualis
1457 249 1560 283 esset

166 344 201 376 51
226 314 455 354 summatim
481 314 729 365 breviterque
757 313 1049 364 descripsimus.
1109 313 1199 361 Sed,
1221 318 1265 350 ut
1289 317 1382 350 ante
1407 309 1561 349 dictum

225 388 296 430 est,
317 380 359 419 in
378 380 439 420 his
458 380 650 432 partibus,
669 379 742 419 etsi
761 392 897 430 graves
915 386 1036 429 atque
1059 391 1226 428 magnae
1245 384 1348 425 sunt,
1370 375 1502 415 minus
1522 381 1562 414 et

223 446 316 485 artis
342 454 402 486 est
427 454 467 486 et
491 446 637 485 laboris
651 461 661 494 3
699 459 791 485 cum
817 446 950 484 autem
980 451 1020 483 et
1043 442 1140 494 quid
1166 450 1205 482 et
1230 455 1312 493 quo
1336 443 1427 481 loco
1455 440 1563 480 dicat

226 511 433 561 invenerit,
453 512 551 551 illud
572 519 631 551 est
650 512 768 561 longe
794 509 1023 557 maximum,
1054 508 1188 548 videre
1215 520 1391 558 quonam
1414 506 1562 555 modo;
1582 510 1600 544 5

226 577 370 617 scitum
408 585 467 617 est
499 577 618 626 enim,
652 578 762 627 quod
796 576 1024 616 Carneades
1061 581 1196 614 noster
1228 572 1359 613 dicere
1397 572 1560 619 solebat,

226 643 524 685 Clitomachum
567 645 709 683 eadem
748 642 891 690 dicere,
932 641 1201 682 Charmadam
1242 646 1376 678 autem
1418 639 1562 677 eodem

226 709 346 749 etiam
377 710 501 748 modo
535 708 677 748 dicere.
742 708 866 757 Quod
899 706 931 746 si
963 706 1005 745 in
1038 704 1291 757 philosophia
1323 710 1478 743 tantum
1508 702 1565 742 in-

226 782 346 814 terest
365 783 485 825 quem
511 776 563 814 ad
589 775 756 813 modum
782 772 903 820 dicas,
925 772 995 812 ubi
1020 786 1081 811 res
1108 778 1320 822 spectatur,
1339 783 1423 809 non
1444 769 1566 808 verba

230 842 474 891 penduntur,
493 839 591 891 quid
610 840 774 878 tandem
797 838 838 876 in
862 837 990 876 causis
1013 837 1320 876 existimandum
1340 842 1400 875 est
1419 834 1564 885 quibus
1585 849 1626 872 10

169 913 208 945 5²
229 906 322 945 totis
351 907 580 945 moderatur
608 904 763 944 oratio?
810 905 934 953 Quod
960 902 1124 954 quidem
1153 915 1240 952 ego,
1261 903 1393 949 Brute,
1415 914 1463 940 ex
1487 899 1566 939 tuis

227 971 365 1012 litteris
391 971 624 1019 sentiebam,
646 984 729 1009 non
754 977 794 1010 te
820 970 861 1010 id
887 968 1086 1018 sciscitari,
1109 970 1267 1019 qualem
1295 980 1370 1018 ego
1394 968 1437 1006 in
1462 966 1568 1006 inve-

228 1037 378 1076 niendo
409 1044 448 1076 et
478 1036 519 1075 in
550 1037 802 1075 conlocando
835 1048 1037 1075 summum
1070 1047 1156 1073 esse
1186 1040 1382 1072 oratorem
1409 1033 1564 1081 vellem,

229 1103 300 1142 sed
326 1101 367 1142 id
394 1101 493 1141 mihi
516 1115 704 1152 quaerere
726 1100 927 1149 videbare,
946 1100 1057 1151 quod
1081 1112 1206 1150 genus
1231 1097 1354 1149 ipsius
1378 1096 1566 1136 orationis

228 1166 425 1218 optimum
454 1166 697 1206 iudicarem:
735 1179 818 1205 rem
849 1164 1062 1213 difficilem,
1091 1164 1133 1203 di
1158 1163 1419 1217 immortales,
1445 1169 1567 1213 atque
1587 1171 1626 1205 15

229 1232 409 1272 omnium
425 1231 709 1271 difficillimam.
768 1233 874 1270 Nam
894 1244 987 1270 curn
1007 1237 1067 1269 est
1081 1229 1206 1269 oratio
1226 1227 1356 1268 mollis
1375 1235 1415 1267 et
1432 1235 1569 1267 tenera

230 1305 270 1337 et
300 1298 355 1337 ita
388 1297 569 1338 flexibilis
603 1305 646 1336 ut
677 1305 864 1348 sequatur
894 1309 1151 1348 quocumque
1182 1303 1378 1346 torqueaS‚
1409 1301 1495 1332 tum
1528 1299 1568 1332 et

230 1370 393 1403 naturae
416 1363 545 1403 variae
571 1371 610 1403 et
628 1364 852 1402 voluntates
882 1364 1052 1401 multum
1078 1361 1180 1401 inter
1202 1374 1244 1400 se
1267 1358 1455 1399 distantia
1479 1359 1569 1398 effe·

170 1437 211 1469 53
230 1437 368 1468 cerunt
383 1443 527 1480 genera
545 1428 706 1469 dicendi
723 1443 730 1467 z
759 1430 908 1468 flumen
927 1427 1013 1467 aliis
1032 1427 1243 1466 verborum
1262 1424 1569 1475 volubilitasque

230 1494 342 1534 cordi
370 1501 440 1542 est,
469 1494 537 1545 qui
565 1502 722 1546 ponunt
749 1494 791 1533 in
824 1493 1013 1534 orationis
1046 1492 1245 1532 eeleritate
1273 1489 1543 1542 eloquentiam
1557 1503 1569 1538 5
1589 1499 1630 1522 ²0

229 1559 417 1600 distincta
448 1559 546 1599 alios
580 1567 620 1599 et
651 1559 903 1611 interpuncta
935 1559 1151 1607 intervalla,
1184 1570 1319 1596 morae
1351 1554 1570 1607 respiratio·

230 1639 382 1677 nesque
408 1627 632 1665 delectant:
666 1625 764 1676 quid
789 1633 922 1676 potest
947 1638 1034 1664 esse
1063 1632 1144 1663 tam
1173 1623 1403 1663 diversum?
1435 1629 1570 1660 tamen

231 1696 290 1728 est
309 1688 350 1727 in
374 1696 543 1739 utroque
569 1688 721 1739 aliquid
744 1690 951 1727 excellens.
1011 1687 1229 1726 Elaborant
1251 1684 1318 1724 alii
1343 1687 1385 1723 z'n
1407 1683 1570 1723 lenitate

230 1761 269 1794 et
297 1754 579 1805 aequabilitate
609 1761 648 1792 et
676 1767 777 1805 puro
811 1753 924 1804 quasi
949 1754 1127 1804 quodam
1156 1759 1195 1790 et
1223 1750 1397 1790 candido
1425 1761 1569 1801 genere

1682 1662 1696 1689 a]
1683 1637 1696 1652 ‘-
1680 1410 1696 1631 t·}³n;.ffi›&÷...‘x..-=
1689 1366 1696 1370 ,·
1687 1345 1692 1354 J

229 1819 390 1859 dicendi
404 1834 415 1868 3
453 1833 547 1859 ecce
574 1819 697 1870 aliqui
721 1819 933 1858 duritatem
960 1826 999 1858 et
1022 1816 1269 1857 severitatem
1298 1816 1500 1866 quandam
1525 1814 1568 1852 in
1588 1823 1629 1857 25
1690 1810 1696 1831 ἶ

230 1884 360 1924 verbis
393 1892 432 1925 et
462 1884 651 1924 orationis
682 1884 795 1936 quasi
828 1883 1066 1924 maestitiam
1099 1889 1342 1933 sequuntur3
1379 1880 1570 1931 quodque

230 1952 352 2001 paulo
374 1958 467 1990 ante
487 1950 703 1999 divisimus,
726 1957 770 1989 ut
789 1950 855 1989 alii
874 1963 1009 2001 graves
1031 1948 1098 1988 alii
1117 1955 1256 1988 tenues
1279 1946 1345 1986 alii
1363 1943 1572 1996 temperati

231 2015 379 2052 vellent
397 2012 532 2060 videri,
561 2021 660 2064 quot
684 2012 909 2053 orationum
932 2025 1077 2063 genera
1102 2025 1188 2051 esse
1211 2009 1383 2050 diximus
1402 2006 1571 2064 totidem

232 2086 433 2118 oratorum
453 2078 709 2129 reperiuntur.

173 2183 214 2215 ³4
232 2223 353 2260 quam
379 2222 403 2248 a
426 2217 465 2249 te
493 2210 738 2260 postulatum
767 2208 955 2249 est—tibi
982 2207 1091 2248 enim
1119 2213 1274 2247 tantum
1303 2206 1355 2246 de
1383 2203 1572 2244 orationis

277 2323 295 2352 7
320 2313 441 2343 eadem
458 2313 546 2354 vulg.
561 2323 569 2343 ε
603 2323 644 2344 ea
660 2312 689 2343 L
871 2322 910 2343 12
932 2311 1098 2344 sciscitari
1114 2311 1202 2352 vulg.
1219 2320 1227 2341 τ
1250 2309 1364 2341 scitari
1380 2308 1411 2340 L
1536 2308 1572 2338 in

231 2356 308 2388 add.
329 2357 417 2396 vulg.
584 2366 626 2396 ²3
650 2357 685 2387 in
713 2355 791 2388 add.
819 2355 907 2389 codd.
941 2356 1015 2388 dett.
1181 2362 1223 2394 25
1246 2353 1281 2385 in
1313 2351 1391 2386 add.
1421 2350 1574 2393 Poggius

230 2400 274 2431 26
295 2399 506 2431 maiestatem
525 2400 646 2432 maluit
654 2399 743 2431 Reid

171 2121 214 2161 1⁷
288 2145 341 2182 Et
373 2143 565 2194 quoniam
598 2143 713 2195 coepi
750 2143 830 2183 iam
868 2142 1106 2183 cumulatius
1139 2143 1218 2181 hoc
1251 2153 1396 2179 munus
1428 2151 1571 2190 augere
1589 2147 1632 2180 30

1680 2312 1696 2380 Ξ

1674 2383 1696 2462 Ξ
