1630 2730
669 159 888 198 BRVTVS
1394 170 1448 209 34
1467 176 1530 210 129

113 283 188 309 nec
225 269 332 309 rudis
369 269 411 308 in
448 269 531 309 iure
568 268 672 308 civili
710 277 749 309 et
781 283 874 309 cum
906 269 1048 309 virtute
1081 277 1166 308 tum
1204 269 1323 308 etiam
1361 269 1448 321 ipso

113 335 300 374 orationis
333 349 475 386 genere
507 334 606 374 liber
619 350 630 384 ς
671 334 783 374 cuius
821 334 1018 374 orationes
1056 334 1167 385 pueri
1204 335 1448 386 legebamus,

112 413 211 451 quas
236 399 315 439 iam
341 399 508 451 reperire
527 399 591 438 vix
615 413 838 450 possumus.
896 402 1031 450 Atque
1057 407 1096 439 et
1120 399 1200 438 acri
1223 399 1383 450 ingenio
1409 407 1448 439 et
1470 413 1532 444 130

112 478 294 504 sermone
313 465 494 516 eleganti,
507 465 733 504 valetudine
753 464 1010 504 incommoda
1025 466 1070 505 C.
1089 465 1243 504 Sextius
1259 465 1448 506 Calvinus

76 539 95 571 5
112 530 186 569 fuit
200 545 211 578 3
238 529 307 581 qui
326 530 408 578 etsi,
431 544 523 569 cum
543 530 773 569 remiserant
792 531 949 569 dolores
968 531 1128 580 pedum,
1151 544 1233 569 non
1253 531 1388 570 deerat
1407 530 1448 569 in

113 595 255 644 causis,
274 603 407 634 tamen
433 595 475 634 id
501 609 583 634 non
609 608 726 646 saepe
750 594 929 634 faciebat.
990 597 1132 645 Itaque
1158 594 1325 634 consilio
1351 595 1446 643 eius,

112 673 204 699 cum
226 661 423 708 volebant,
452 659 634 699 homines
660 660 886 708 utebantur,
910 659 1144 710 patrocinio,
1171 673 1263 698 cum
1292 659 1446 699 licebat.

114 727 249 765 Isdem
269 725 513 776 temporibus
539 727 596 764 M.
620 727 775 773 Brutus,
800 723 858 778 [in
878 723 975 778 quo]
997 738 1187 775 magnum
1213 725 1296 773 fuit,
1316 727 1447 773 Brute,

112 792 287 830 dedecus
337 790 470 841 generi
515 798 656 837 vestro,
705 789 784 840 qui,
834 803 926 829 cum
973 797 1083 829 tanto
1134 789 1297 829 nomine
1347 798 1450 829 esset

0 900 2 902 ,
55 876 95 899 10
111 863 343 907 patremque
369 855 565 906 optimum
588 855 715 894 virum
743 855 946 894 habuisset
972 863 1011 894 et
1037 854 1129 894 iuris
1155 854 1448 906 peritissimum,

111 921 406 960 accusationem
437 920 678 968 factitaverit,
710 928 754 959 ut
782 919 952 959 Athenis
982 922 1194 971 Lycurgus.
1259 922 1300 959 Is
1334 920 1453 972 magi-

112 994 255 1026 stratus
274 1000 356 1025 non
376 986 524 1037 petivit,
547 988 618 1026 sed
638 986 710 1025 fuit
729 994 935 1025 accusator
952 987 1168 1025 vehemens
1188 993 1227 1025 et
1247 987 1452 1034 molestus,

111 1060 156 1091 ut
192 1051 306 1091 facile
347 1065 526 1091 cerneres
564 1053 742 1091 naturale
779 1053 985 1103 quoddam
1027 1051 1157 1102 stirpis
1196 1051 1348 1090 bonum
1387 1053 1452 1090 de-

112 1116 358 1168 generavisse
401 1116 497 1156 vitio
544 1118 779 1167 depravatae
826 1116 1049 1156 voluntatis.
1126 1118 1260 1166 Atque
1307 1118 1451 1155 eodem
1476 1134 1531 1166 131

0 1188 2 1228 i
56 1196 93 1230 15
113 1189 291 1232 tempore
316 1189 522 1221 accusator
547 1183 598 1221 de
627 1182 744 1232 plebe
773 1183 814 1220 L.
845 1183 1091 1221 Caesulenus
1118 1181 1202 1228 fuit,
1231 1195 1351 1231 quem
1377 1195 1451 1232 ego

113 1246 246 1286 audivi
269 1246 346 1285 iam
373 1260 522 1296 senem,
544 1260 636 1286 cum
661 1247 714 1286 ab
734 1249 778 1285 L.
801 1246 974 1286 Sabellio
998 1248 1163 1285 multam
1186 1248 1272 1296 lege
1291 1246 1453 1296 Aquilia

114 1309 183 1364 [de
202 1309 364 1364 iustitia]
384 1311 596 1362 petivisset.
655 1313 750 1350 Non
769 1311 950 1350 fecissem
974 1310 1147 1350 hominis
1173 1324 1299 1361 paene
1325 1310 1452 1349 infimi

114 1375 370 1424 mentionem,
396 1376 472 1415 nisi
494 1376 710 1415 iudicarem
737 1376 805 1427 qui
829 1375 1083 1427 suspiciosius
1109 1383 1177 1415 aut
1203 1375 1452 1414 criminosius

114 1441 263 1481 diceret
303 1441 500 1481 audivisse
542 1455 606 1481 me
647 1442 860 1481 neminem.
932 1444 1086 1481 Doctus
1129 1441 1247 1480 etiam
1290 1440 1451 1480 Graecis
1470 1452 1521 1489 35

16 1535 19 1536 γ
56 1518 97 1542 20
115 1506 161 1543 T.
184 1503 378 1543 Albucius
401 1506 462 1543 vel
486 1504 618 1554 potius
647 1506 765 1556 plane
790 1506 976 1544 Graecus.
1037 1506 1199 1554 Loquor
1219 1511 1262 1542 ut
1286 1503 1428 1554 opinor
1441 1518 1452 1552 3

8 1564 10 1566 V
114 1570 186 1609 sed
222 1569 313 1608 licet
350 1583 398 1608 ex
435 1569 679 1608 orationibus
717 1569 901 1609 iudicare.
979 1569 1070 1608 Fuit
1110 1578 1244 1608 autem
1281 1568 1452 1608 Athenis

113 1636 358 1683 adulescens,
384 1636 579 1685 perfectus
605 1634 814 1686 Epicurius
838 1641 1022 1682 evaserat,
1050 1633 1213 1673 minime
1235 1641 1374 1684 aptum
1399 1634 1452 1672 ad

114 1699 330 1739 dicendum
349 1713 486 1750 genus.

171 1766 258 1803 Iam
285 1765 334 1814 Q.
363 1765 527 1804 Catulus
557 1777 638 1803 non
667 1764 832 1814 antiquo
860 1763 928 1803 illo
955 1776 1075 1812 more,
1097 1764 1169 1802 sed
1195 1763 1272 1802 hoc
1301 1770 1447 1810 nostro,
1472 1777 1535 1810 132

58 1849 97 1881 ²5
117 1829 192 1869 nisi
220 1830 319 1880 quid
348 1829 430 1868 fieri
459 1837 590 1881 potest
615 1829 836 1880 perfectius,
862 1828 1050 1868 eruditus.
1109 1829 1263 1867 Multae
1287 1827 1452 1876 litterae,

162 1943 177 1964 1
201 1932 327 1964 virtute
346 1932 373 1963 L
391 1945 398 1964 :
421 1934 565 1964 veritate
582 1932 718 1963 Martha
844 1942 864 1972 3
888 1938 989 1972 atque
1006 1937 1041 1963 et
1057 1932 1126 1963 acri
1142 1930 1325 1962 Friedrich:
1349 1934 1452 1970 atque

116 1976 220 2008 etiam
236 1975 265 2006 L
279 1988 289 2007 :
312 1983 412 2008 acuto
428 1977 531 2008 etiam
547 1976 696 2016 Kayser:
720 1981 822 2016 atque
838 1975 902 2007 iam
918 1975 1044 2007 Piderit
1193 1976 1215 2005 8
1239 1975 1272 2005 in
1289 1984 1358 2014 quo
1380 1974 1450 2005 secl.

113 2020 209 2060 Jahn
365 2031 387 2061 9
410 2021 561 2052 dedecus
585 2019 677 2051 codd.
704 2019 788 2052 det.:
819 2030 931 2060 genus
946 2019 997 2050 L:
1031 2019 1156 2050 vulnus
1179 2018 1227 2049 ed.
1247 2018 1369 2049 Rom.:
1395 2018 1454 2048 de-

117 2065 222 2096 decus
253 2064 403 2095 inustum
434 2063 626 2095 Lambinus
759 2073 807 2103 11,
829 2073 867 2094 12
891 2063 1109 2102 magistratus
1125 2073 1195 2093 non
1215 2061 1377 2102 petiverit
1391 2061 1454 2092 sed

115 2109 363 2140 accusationem
405 2107 608 2139 factitaverit
639 2106 692 2148 [ut
722 2107 870 2138 Athenis
900 2106 1094 2148 Lycurgus]
1129 2106 1264 2138 Martha
1281 2117 1288 2136 :
1319 2115 1453 2136 accusa-

116 2151 244 2183 tionem
263 2176 270 2183 .
289 2175 297 2183 .
316 2176 323 2184 .
342 2152 372 2182 is
386 2152 455 2182 secl.
470 2151 612 2191 Kayser:
635 2156 671 2182 ut
685 2175 693 2182 .
713 2174 742 2183 ..
759 2151 920 2182 molestus
934 2150 1003 2182 secl.
1016 2149 1190 2181 Eberhard
1277 2150 1317 2179 16
1336 2148 1453 2180 Sabel-

116 2195 164 2226 lio
177 2197 266 2237 vulg.
280 2206 288 2226 :
308 2195 446 2226 Sanctis
461 2194 489 2225 L
503 2206 511 2226 ε
534 2194 671 2226 Saufeio
684 2193 821 2226 Manha
911 2203 948 2234 17
966 2194 1080 2225 damni
1096 2193 1220 2224 iniuria
1230 2191 1431 2223 Hotomann
1445 2202 1453 2222 :

117 2238 160 2270 de
177 2238 307 2270 iustitia
323 2238 350 2269 L
369 2238 451 2279 (secl.
471 2238 670 2277 Fn'edn'ch):
696 2261 704 2270 .
726 2261 734 2269 .
753 2261 760 2270 .
777 2237 938 2269 sestertia
954 2237 1092 2268 Martha
1198 2246 1237 2276 19
1260 2235 1295 2266 in
1313 2235 1454 2267 Graecis

118 2282 240 2314 maluit
255 2281 399 2323 Madvig
527 2292 572 2313 20
594 2281 759 2313 Albucius
776 2281 864 2322 vulg.
881 2292 889 2312 x
910 2281 1057 2312 Albitius
1074 2280 1104 2311 L
1205 2280 1307 2319 plane
1335 2278 1452 2319 Vogel:

118 2335 228 2365 paene
245 2326 274 2357 L
378 2325 514 2365 Loquor
527 2325 617 2366 vulg.
634 2337 642 2356 ι
665 2326 787 2365 loquar
804 2325 832 2355 L
974 2333 1016 2363 25
1041 2324 1106 2355 nisi
1121 2323 1202 2364 quid
1219 2323 1295 2354 fieri
1310 2321 1340 2352 L
1355 2333 1362 2352 ε
1388 2322 1454 2353 nisi

117 2370 209 2410 quod
225 2369 351 2409 aliquid
370 2369 442 2401 fieri
459 2368 596 2400 Martha
610 2379 616 2398 :
641 2370 695 2400 vel
712 2369 739 2400 si
757 2369 837 2408 quid
854 2368 928 2400 fieri
946 2367 1120 2399 Eberhard
1205 2366 1359 2408 perfecte
1376 2375 1451 2397 eru-

117 2413 209 2445 ditus
224 2413 252 2445 I.
270 2412 429 2445 Mueller:
452 2413 608 2444 eruditus
625 2413 733 2455 vulg:
755 2412 922 2444 eruditius
938 2410 968 2442 L
