1696 2730
178 166 225 209 14
244 172 287 205 ⁴9
580 157 639 196 M.
670 156 842 195 TVLLI
872 155 1183 197 CICERONIS

240 277 280 309 et
318 271 369 309 de
407 276 492 308 toto
529 282 673 320 genere
711 268 871 308 testium
909 282 1030 319 quam
1069 268 1111 308 id
1141 268 1190 307 sit
1222 267 1429 323 infirmum
1463 267 1582 318 saepe

241 335 460 375 dicendum
487 341 547 373 est
572 341 611 373 et
639 340 871 385 argumenta
894 347 1024 373 rerum
1052 347 1139 373 esse
1164 332 1333 384 propria,
1355 331 1582 372 testimonia

240 409 375 440 autem
399 401 676 457 voluntatum,
708 400 984 450 utendumque
1011 398 1214 450 exemplis,
1240 398 1272 438 si
1300 398 1388 450 quis
1414 397 1581 438 testibus

241 467 435 506 creditum
464 479 546 504 non
574 465 623 504 sit
636 479 647 514 3
677 471 715 504 et
739 466 790 504 de
818 454 980 515 singulis
1007 465 1185 513 testibus,
1209 464 1241 503 si
1267 472 1406 504 natura
1424 463 1527 512 vani,
1549 462 1582 502 si

239 533 357 579 leves,
390 531 423 570 si
454 544 546 569 cum
577 529 805 580 ignominia,
839 529 872 569 si
904 543 985 581 spe,
1021 530 1054 570 si
1088 537 1207 579 metu,
1239 529 1272 569 si
1300 529 1514 577 iracundia,
1546 528 1579 568 si
1597 546 1618 579 5

241 596 511 636 misericordia
539 594 710 647 impulsi,
743 594 775 634 si
806 595 993 646 praemio,
1030 595 1062 635 si
1094 595 1218 647 gratia
1249 594 1438 644 adducti3
1476 607 1582 634 com-

239 662 485 713 parandique
505 675 597 701 eum
618 661 818 713 superiore
837 661 1071 702 auctoritate
1091 661 1267 710 testium,
1281 660 1427 712 quibus
1447 668 1582 700 tamen

180 747 224 779 50
239 728 434 767 creditum
464 741 545 767 non
577 726 636 766 sit.
696 728 823 778 Saepe
846 726 966 766 etiam
991 726 1292 778 quaestionibus
1317 725 1580 765 resistendum

178 1271 217 1303 51

175 1750 215 1782 52

177 2111 217 2143 53

240 801 310 842 est,
333 795 443 844 quod
464 801 503 832 et
532 794 712 832 dolorem
739 791 934 843 fugientes
959 792 1073 831 multi
1097 792 1138 830 in
1167 791 1374 832 tormentis
1402 790 1582 831 ementiti

238 873 429 910 persaepe
466 859 545 898 sint
590 857 771 908 morique
817 857 1027 897 maluerint
1065 859 1209 896 falsum
1253 858 1417 897 fatendo
1460 870 1581 908 quam

237 939 375 964 verum
403 924 614 963 infitiando
640 924 775 963 dolere
790 938 800 972 3
832 923 947 962 multi
974 923 1093 962 etiam
1118 937 1231 962 suam
1258 922 1379 962 vitam
1405 923 1584 974 neglexe-

238 990 326 1038 rint,
357 997 401 1029 ut
429 1003 498 1029 eos
528 989 596 1040 qui
625 989 681 1028 eis
710 988 879 1028 cariores
914 1002 1035 1040 quam
1068 988 1144 1039 ipsi
1173 988 1248 1028 sibi
1277 995 1410 1028 essent
1446 987 1583 1028 libera-

237 1064 324 1096 rent
339 1071 350 1105 3
395 1056 461 1095 alii
498 1063 633 1095 autem
672 1063 740 1095 aut
778 1063 918 1094 natura
961 1055 1137 1106 corporis
1178 1062 1246 1094 aut
1290 1055 1582 1095 consuetudine

237 1121 403 1161 dolendi
440 1129 509 1160 aut
551 1129 659 1160 metu
704 1120 874 1172 supplici
915 1134 962 1160 ac
1001 1120 1137 1160 mortis
1175 1120 1256 1159 vim
1293 1128 1581 1160 tormentorum

238 1187 470 1238 pertulerint
484 1201 495 1236 3
523 1186 589 1225 alii
616 1186 796 1226 ementiti
823 1186 902 1226 sint
928 1186 968 1225 in
995 1200 1064 1226 eos
1085 1199 1187 1237 quos
1211 1187 1389 1225 oderant.
1446 1188 1581 1237 Atque

239 1254 338 1292 haec
365 1252 555 1303 exemplis
585 1253 780 1291 firmanda
809 1259 912 1291 sunt.
972 1253 1116 1303 Neque
1140 1259 1200 1291 est
1226 1252 1441 1291 obscurum
1470 1250 1580 1302 quin,

238 1318 429 1369 quoniam
463 1317 504 1356 in
543 1325 752 1369 utramque
790 1326 942 1368 partem
976 1325 1068 1356 sunt
1102 1319 1283 1368 exempla
1321 1324 1360 1356 et
1397 1316 1493 1356 item
1529 1318 1582 1356 ad

238 1383 507 1423 coniecturam
529 1383 751 1422 faciendam
774 1382 862 1431 loci,
884 1382 925 1421 in
946 1382 1150 1422 contrariis
1171 1382 1367 1422 contraria
1386 1383 1582 1422 sumenda

237 1448 326 1488 sint.
385 1451 520 1499 Atque
549 1448 668 1487 etiam
696 1447 858 1487 incurrit
882 1447 959 1486 alia
988 1449 1186 1499 quaedam
1216 1447 1257 1486 in
1284 1446 1451 1486 testibus
1475 1454 1514 1486 et
1539 1446 1581 1486 in

237 1513 537 1565 quaestionibus
574 1514 683 1553 ratio.
743 1515 871 1564 Saepe
910 1513 1018 1553 enim
1056 1527 1103 1552 ea
1135 1526 1238 1564 quae
1276 1512 1383 1552 dicta
1413 1519 1516 1561 sunt,
1549 1511 1582 1552 si

236 1587 304 1618 aut
332 1579 520 1630 ambigue
548 1587 616 1618 aut
646 1579 918 1618 inconstanter
945 1586 1014 1618 aut
1043 1577 1328 1618 incredibiliter
1355 1577 1463 1617 dicta
1488 1584 1581 1617 sunt

236 1653 304 1684 aut
324 1645 444 1684 etiam
465 1645 576 1684 aliter
595 1645 647 1683 ab
667 1644 745 1683 alio
766 1644 883 1691 dicta,
908 1643 1104 1683 subtiliter
1124 1644 1478 1694 reprehenduntur.

174 1690 218 1728 15
293 1711 337 1751 C.
380 1712 567 1750 Extrema
604 1709 676 1749 tibi
714 1716 833 1749 restat
878 1723 967 1760 pars
1004 1708 1193 1748 orationis
1231 1722 1334 1760 quae
1374 1707 1504 1760 posita
1541 1708 1582 1748 in

237 1776 459 1826 perorando
491 1783 560 1824 est,
583 1776 634 1814 de
664 1788 742 1826 qua
771 1788 866 1814 sane
899 1774 1018 1814 velim
1048 1773 1195 1813 audire.
1254 1776 1297 1813 P.
1327 1773 1496 1813 Facilior
1523 1781 1583 1813 est

236 1840 445 1891 explicatio
487 1839 765 1891 perorationis.v
829 1841 935 1879 Nam
973 1847 1033 1879 est
1070 1839 1196 1879 divisa
1233 1838 1273 1878 in
1311 1840 1411 1879 duas
1449 1838 1579 1890 partis,

235 1905 587 1957 amplificationem
611 1913 650 1945 et
679 1905 1031 1944 enumerationem.
1090 1903 1278 1955 Augendi
1303 1911 1438 1944 autem
1458 1911 1497 1944 et
1517 1904 1583 1944 hic

235 1979 294 2011 est
324 1971 505 2022 proprius
535 1972 646 2010 locus
676 1970 716 2009 in
740 1972 973 2022 perorando,
997 1977 1036 2010 et
1064 1969 1105 2009 in
1134 1983 1251 2009 cursu
1280 1969 1367 2021 ipso
1395 1969 1583 2010 orationis

236 2037 523 2076 declinationes
543 2038 595 2076 ad
614 2036 941 2087 amplificandum
961 2037 1117 2084 dantur,
1139 2037 1373 2075 confirmata
1391 2049 1432 2075 re
1451 2035 1584 2086 aliqua

236 2111 303 2142 aut
337 2104 585 2154 reprehensa.
646 2105 717 2141 Est
750 2102 866 2153 igitur
902 2101 1158 2153 amplificatio
1195 2101 1348 2152 gravior
1385 2102 1583 2152 quaedam

1603 872 1643 895 10

1604 1201 1641 1234 15

1603 1528 1643 1551 20

1603 1854 1643 1886 25

1674 248 1695 336 Ξ

235 2167 470 2216 adfirmatio,
489 2181 591 2219 quae
611 2175 723 2206 motu
742 2166 967 2207 animorum
988 2166 1173 2207 conciliet
1193 2166 1233 2206 in
1254 2166 1428 2206 dicendo
1448 2167 1581 2206 fidem.
1604 2183 1645 2215 30
1694 2171 1696 2210 j

237 2236 296 2273 Ea
334 2241 373 2273 et
403 2234 613 2274 verborum
652 2246 796 2285 genere
834 2232 1043 2273 conficitur
1080 2239 1119 2272 et
1151 2245 1293 2272 rerum.
1351 2232 1484 2271 Verba
1518 2245 1586 2284 po-

278 2350 298 2379 3
323 2339 351 2370 si
368 2339 443 2379 quis
466 2339 515 2370 P:
540 2339 663 2379 quibus
686 2338 777 2379 vulg.
938 2347 974 2369 11
1001 2337 1187 2369 inficiando
1210 2336 1264 2369 P:
1289 2333 1475 2368 inficiendo*
1495 2336 1584 2368 mdd.

234 2382 328 2413 dett.:
368 2383 512 2414 dicendo
550 2383 672 2414 maluit
706 2381 867 2413 Friedrich
1020 2392 1063 2421 24
1094 2380 1224 2413 facilior
1252 2381 1364 2422 vulg:
1405 2380 1503 2413 facile
1533 2380 1586 2413 P:

232 2426 342 2458 facilis
357 2425 404 2457 ed.
422 2426 570 2457 Non‘mb.
