1696 2730
161 171 211 209 19
231 173 273 210 73
588 160 645 198 M.
685 127 856 197 TVLLI
896 158 1206 199 CICERONIS

164 942 204 976 74

226 273 348 312 fidem
364 271 470 311 enim
486 271 710 311 faciendam
724 271 936 311 auctoritas
951 271 1150 322 quaeritur
1163 286 1174 320 3
1202 272 1273 310 sed
1287 270 1560 310 auctoritatem

226 346 295 378 aut
314 346 454 377 natura
472 346 540 377 aut
560 345 716 388 tempus
736 337 873 376 adfert.
933 338 1108 376 Naturae
1127 336 1339 376 auctoritas
1359 336 1401 375 in
1420 336 1562 376 virtute

225 404 328 444 inest
348 403 519 442 maxima
533 418 544 452 3
580 403 621 441 in
642 410 820 453 tempore
839 410 973 452 autem
993 404 1118 441 multa
1138 410 1229 441 sunt
1255 415 1358 453 quae
1382 402 1563 441 adferant

225 469 524 509 auctoritatem:
563 468 767 519 ingenium
797 481 893 519 opes
921 475 1029 507 aetas
1065 466 1253 521 [fortuna]
1283 482 1344 507 ars
1373 481 1468 506 usus
1497 481 1563 506 ne-

225 535 398 582 cessitas,
421 534 630 574 concursio
650 533 768 573 etiam
789 547 871 573 non
895 547 1115 585 numquam
1142 547 1272 573 rerum
1299 533 1558 573 fortuitarum.
1580 544 1598 576 5

226 602 331 639 Nam
362 608 401 640 et
426 599 653 651 ingeniosos
677 607 715 638 et
742 601 955 650 opulentos
983 606 1022 638 et
1049 599 1188 638 aetatis
1218 599 1345 651 spatio
1373 599 1562 650 probatos

225 665 367 716 dignos
387 664 532 716 quibus
552 665 734 703 credatur
752 670 894 714 putant
908 678 918 712 3
946 677 1027 702 non
1048 671 1153 703 recte
1173 664 1349 711 fortasse,
1366 664 1437 703 sed
1456 663 1562 714 vulgi

225 731 362 782 opinio
388 730 531 769 mutari
556 730 620 768 vix
645 737 776 780 potest
802 730 853 768 ad
880 743 1050 780 eamque
1073 729 1209 768 omnia
1231 729 1405 780 dirigunt
1429 736 1468 768 et
1493 729 1562 780 qui

224 796 402 836 iudicant
428 804 466 835 et
493 795 561 846 qui
587 795 823 834 existimant.
883 794 964 844 Qui
988 794 1094 833 enim
1123 795 1240 834 rebus
1266 795 1329 833 his
1357 808 1455 846 quas
1481 794 1562 834 dixi

224 864 432 910 excellunt,
455 861 540 912 ipsa
559 861 701 900 virtute
721 860 905 900 videntur
925 862 1124 900 excellere.
1581 873 1623 897 10

278 929 357 967 Sed
381 926 540 977 reliquis
564 939 727 977 quoque
755 926 874 965 rebus
902 939 1001 976 quas
1025 927 1149 965 modo
1178 925 1406 966 enumeravi
1425 940 1563 978 quam-

223 1006 344 1043 quam
382 992 422 1031 in
461 991 523 1030 his
561 993 670 1030 nulla
708 991 860 1042 species
894 991 1047 1031 virtutis
1084 999 1154 1039 est,
1187 998 1322 1031 tamen
1359 991 1560 1031 interdum

223 1060 480 1098 confirmatur
509 1058 620 1105 fides,
652 1057 683 1095 si
712 1064 780 1096 aut
808 1070 870 1096 ars
899 1058 1097 1108 quaedam
1126 1057 1562 1109 adhibetur—magna

223 1132 283 1164 est
298 1124 404 1163 enim
420 1123 477 1162 vis
493 1124 544 1162 ad
565 1124 887 1174 persuadendum
908 1122 1230 1162 scientiae—aut
1250 1137 1344 1162 usus
1359 1138 1370 1172 ;
1394 1125 1562 1175 plerum-

150 1199 204 1229 20
224 1204 303 1242 que
346 1189 452 1230 enim
495 1189 667 1229 creditur
710 1188 767 1228 eis
814 1188 882 1240 qui
927 1189 1075 1240 experti
1116 1197 1218 1228 sunt.
1289 1189 1400 1229 Facit
1441 1189 1561 1229 etiam
1583 1204 1620 1237 ¹5

223 1256 438 1295 necessitas
472 1256 605 1302 fidem,
641 1268 743 1305 quae
776 1262 861 1293 tum
894 1268 918 1293 a
951 1255 1182 1306 corporibus
1217 1263 1301 1294 tum
1334 1256 1386 1295 ab
1419 1255 1562 1295 animis

222 1321 407 1361 nascitur.
466 1322 572 1359 Nam
606 1328 645 1359 et
673 1319 902 1359 verberibus
935 1321 1142 1360 tormentis
1170 1320 1251 1371 igni
1279 1321 1429 1372 fatigati
1460 1335 1563 1372 quae

222 1387 362 1426 dicunt
382 1400 429 1426 ea
447 1386 603 1426 videtur
621 1385 763 1425 veritas
790 1385 874 1436 ipsa
901 1385 1042 1434 dicere,
1067 1394 1105 1425 et
1132 1400 1233 1437 quae
1260 1386 1562 1437 perturbationi-

223 1453 298 1491 bus
330 1451 466 1501 animi,
496 1453 633 1491 dolore
661 1450 879 1502 cupiditate
913 1451 1116 1490 iracundia
1149 1459 1270 1500 metu,
1301 1451 1395 1503 quia
1426 1465 1560 1491 neces-

161 1533 176 1544 *
222 1517 345 1557 sitatis
369 1517 448 1557 vim
475 1517 635 1565 habent,
663 1518 847 1556 adferunt
875 1517 1150 1556 auctoritatem
1177 1525 1216 1557 et
1242 1519 1375 1557 fidem.
1433 1517 1559 1558 Cuius
1579 1530 1621 1552 20

221 1583 375 1634 generis
409 1583 527 1622 etiam
562 1583 628 1621 illa
661 1590 754 1622 sunt
783 1596 830 1621 ex
863 1582 1009 1634 quibus
1041 1597 1179 1623 verum
1217 1597 1299 1623 non
1337 1597 1558 1635 numquam

222 1649 429 1697 invenitur,
461 1648 629 1700 pueritia
662 1662 826 1688 somnus
855 1648 1123 1700 imprudentia
1149 1648 1366 1688 vinolentia
1393 1648 1558 1689 insania.

223 1717 328 1754 Nam
350 1722 388 1754 et
407 1714 516 1766 parvi
543 1727 661 1765 saepe
690 1713 965 1753 indicaverunt
990 1714 1153 1765 aliquid,
1175 1728 1256 1765 quo
1281 1715 1323 1754 id
1349 1714 1561 1766 pertineret

222 1780 356 1831 ignari,
374 1788 414 1820 et
432 1794 501 1831 per
517 1793 703 1819 somnum
719 1779 856 1819 vinum
872 1779 1067 1819 insaniam
1088 1782 1213 1819 multa
1226 1794 1345 1832 saepe
1364 1782 1560 1832 patefacta

222 1854 323 1886 sunt.
385 1846 504 1885 Multi
533 1846 651 1885 etiam
679 1845 719 1884 in
749 1859 809 1885 res
839 1845 1000 1885 odiosas
1027 1846 1299 1897 imprudenter
1322 1846 1557 1895 inciderunt,
1581 1858 1619 1891 25

222 1920 265 1951 ut
299 1912 461 1952 Staieno
498 1926 625 1963 nuper
656 1911 812 1960 accidit,
850 1911 918 1963 qui
952 1925 1000 1951 ea
1032 1913 1189 1951 loeutus
1222 1919 1281 1951 est
1318 1911 1435 1951 bonis
1469 1911 1559 1952 viris

222 1978 614 2017 subauscultantibus
647 1977 796 2028 pariete
829 1977 1073 2028 interposito,
1105 1977 1251 2028 quibus
1284 1977 1490 2030 patefactis
1518 1977 1560 2016 in

221 2043 494 2094 iudiciumque
532 2043 695 2094 prolatis
728 2043 793 2082 ille
826 2042 881 2082 rei
915 2042 1092 2094 capitalis
1126 2043 1210 2082 iure
1243 2044 1455 2082 damnatus
1489 2050 1559 2082 est.

224 2107 352 2162 [Huic
381 2108 508 2147 simile
534 2108 727 2159 quiddam
754 2109 806 2148 de
836 2108 1159 2148 Lacedaemonio
1187 2108 1384 2147 Pausania
1410 2108 1562 2159 accepi-

162 2181 201 2223 76
223 2172 343 2227 mus]
391 2173 613 2214 Concursio
633 2181 766 2213 autern
786 2173 1036 2213 fortuitorum
1057 2174 1144 2213 talis
1164 2181 1234 2222 est,
1255 2181 1299 2213 ut
1318 2173 1350 2213 si
1369 2173 1562 2213 interven·
1579 2184 1620 2216 30

223 2247 308 2278 tum
337 2246 396 2278 est
416 2253 522 2287 casu,
544 2253 636 2278 cum
656 2247 724 2279 aut
752 2246 931 2291 ageretur
958 2239 1109 2291 aliquid
1140 2241 1249 2290 quod
1278 2240 1559 2290 proferendum

222 2318 304 2344 non
334 2312 448 2353 esset,
476 2312 543 2344 aut
572 2304 778 2344 diceretur.
839 2307 887 2344 In
917 2306 996 2345 hoc
1022 2318 1166 2356 genere
1192 2304 1311 2344 etiam
1340 2304 1406 2344 illa
1431 2312 1491 2344 est
1518 2304 1560 2344 in

265 2417 285 2446 3
309 2407 399 2439 inest
426 2408 514 2440 codd.
534 2421 541 2441 :
566 2413 618 2440 est
646 2409 698 2449 Os
821 2420 839 2449 4
866 2410 1002 2442 fortuna
1027 2409 1098 2440 secl.
1123 2408 1286 2440 Fm'edrich
1434 2418 1475 2439 22
1501 2408 1560 2440 im-

221 2452 409 2491 prudentes
425 2453 457 2483 A
585 2463 627 2493 29
653 2453 743 2485 Huic
759 2476 766 2485 .
789 2476 796 2484 .
814 2479 822 2486 .
842 2454 1037 2494 accepimus
1052 2454 1122 2485 secl.
1139 2452 1301 2484 Friedrich

1693 581 1696 588 .
1691 538 1696 548 2-
1692 519 1696 521 .
1687 387 1696 502 .t-.*;-.—
1682 0 1696 376 h-m.-=-ae—“fl

1689 1242 1696 1267 m.
1679 941 1696 1228 numan-..mmm
1686 902 1696 930 ..s
1689 855 1696 872 .-
1690 827 1696 834 t

1686 1452 1696 1543 *eux-11
1694 1424 1696 1426 .
1695 1391 1696 1394 „

1684 2384 1696 2434 4142„
1684 2350 1696 2372 :e
