1630 2730
120 153 171 192 37

194 157 254 192 139
565 142 624 181 M.
654 141 825 180 TVLLI
855 140 1165 181 CICERONIS

112 272 176 303 140
192 254 317 306 parati
341 255 394 294 ad
426 255 650 294 cavendum
679 253 810 293 fuisse.
868 254 1003 293 Verba
1035 253 1121 304 ipsa
1153 266 1236 292 non
1266 252 1333 292 illa
1365 251 1528 303 quidem

112 1126 170 1157 141

121 1372 173 1418 38

113 1844 173 1876 142

192 320 486 372 elegantissimo
525 319 899 370 sermone—itaque
937 319 1145 370 diligenter
1182 317 1374 369 loquendi
1411 319 1530 357 laude

191 386 316 426 caruit
343 399 475 436 neque
495 393 628 424 tamen
658 392 717 424 est
739 386 960 424 admodum
990 384 1195 434 inquinate
1215 385 1436 430 locutus--,
1459 383 1531 422 sed

191 451 266 499 illa,
299 465 401 502 quae
429 450 587 501 propria
615 451 699 489 laus
729 449 893 489 oratoris
922 457 982 488 est
1010 449 1051 487 in
1077 448 1370 496 verbis,——nam
1398 447 1530 499 ipsum

192 517 334 556 Latine
354 515 464 567 loqui
491 523 550 555 est
569 515 667 554 illud
692 515 867 566 quidem,
890 523 933 553 ut
957 516 1076 565 paulo
1100 522 1192 554 ante
1213 514 1304 562 dixi,
1326 514 1368 552 in
1388 527 1531 565 magna
1549 529 1568 563 5

190 583 309 621 laude
329 582 575 632 ponendum,
599 582 669 620 sed
693 594 775 620 non
802 588 883 619 tam
913 593 984 619 sua
1013 587 1155 630 sponte
1186 593 1306 630 quam
1335 580 1446 630 quod
1472 586 1532 619 est

190 662 214 687 a
233 648 431 699 plerisque
451 648 701 698 neglectum:
731 660 813 686 non
840 646 947 685 enim
974 653 1056 684 tam
1085 647 1330 696 praeclarum
1350 652 1410 684 est
1432 644 1531 684 scire

192 713 333 752 Latine
353 727 473 764 quam
494 721 607 764 turpe
632 712 794 760 nescire,
818 725 948 762 neque
969 719 1049 750 tam
1070 711 1111 751 id
1133 711 1230 750 mihi
1250 710 1414 750 oratoris
1434 709 1532 750 boni

191 792 312 829 quam
333 778 428 817 civis
445 777 620 816 Romani
635 777 838 828 proprium
854 776 1008 816 videtur
1021 778 1160 825 3—sed
1180 784 1315 815 tamen
1330 775 1531 815 Antonius

190 845 231 883 in
260 844 389 884 verbis
419 851 458 883 et
491 843 695 894 eligendis,
724 856 855 893 neque
886 842 927 881 id
962 842 1092 892 ipsum
1124 849 1206 881 tam
1239 841 1383 893 leporis
1412 855 1532 881 causa
1552 857 1592 880 10

191 923 312 960 quam
327 908 526 960 ponderis,
543 916 582 947 et
597 907 856 947 conlocandis
874 915 913 946 et
929 906 1287 957 comprehensione
1307 906 1533 947 devincien-

191 974 253 1015 dis
273 974 371 1013 nihil
391 988 474 1013 non
500 975 552 1013 ad
579 973 773 1012 rationem
800 980 839 1012 et
861 980 1067 1023 tamquam
1093 974 1145 1012 ad
1164 979 1290 1012 artem
1310 972 1504 1023 dirigebat
1520 987 1531 1022 ;

190 1053 328 1079 verum
349 1041 475 1078 multo
503 1038 627 1089 magis
656 1040 733 1078 hoc
763 1038 872 1078 idem
901 1038 942 1076 in
972 1037 1258 1077 sententiarum
1287 1037 1531 1077 ornamentis

192 1113 231 1145 et
262 1104 656 1144 conformationibus.
717 1105 811 1154 Quo
841 1117 984 1155 genere
1015 1103 1109 1154 quia
1138 1110 1310 1154 praestat
1343 1103 1530 1143 omnibus

193 1172 500 1217 Demosthenes,
523 1169 673 1209 idcirco
698 1183 722 1208 a
750 1169 879 1209 doctis
909 1177 1109 1208 oratorum
1139 1177 1198 1208 est
1226 1168 1410 1220 princeps
1433 1168 1531 1208 iudi·
1551 1184 1590 1218 15

192 1243 314 1275 catus.
387 1236 572 1287 Σχήματα
613 1234 719 1274 enirn
759 1248 861 1285 quae
899 1242 1044 1274 vocant
1083 1234 1236 1282 Graeci,
1276 1247 1324 1273 ea
1361 1233 1531 1273 maxime

192 1308 335 1341 ornant
355 1308 551 1340 oratorem
572 1314 699 1351 eaque
718 1314 800 1339 non
821 1308 902 1339 tam
922 1300 963 1338 in
983 1299 1113 1339 verbis
1142 1299 1352 1350 pingendis
1381 1299 1532 1339 habent

192 1367 351 1417 pondus
386 1379 506 1417 quam
537 1365 579 1404 in
609 1364 895 1404 inluminandis
930 1364 1146 1404 sententiis.
1207 1365 1286 1404 Sed
1317 1378 1409 1404 curn
1432 1366 1532 1404 haec

193 1445 337 1482 magna
365 1431 407 1470 in
427 1430 606 1470 Antonio
636 1438 721 1469 tum
750 1430 855 1470 actio
885 1430 1114 1480 singularis;
1144 1443 1246 1480 quae
1272 1429 1305 1469 si
1324 1429 1532 1481 partienda

192 1505 252 1537 est
280 1497 322 1536 in
350 1504 505 1548 gestum
533 1504 652 1546 atque
681 1509 837 1544 vocem,
868 1503 1002 1546 gestus
1034 1503 1115 1534 erat
1148 1509 1231 1535 non
1261 1496 1381 1534 verba
1409 1495 1531 1547 expri-
1550 1510 1593 1534 20

193 1576 318 1610 mens,
347 1563 419 1601 sed
448 1575 540 1601 cum
570 1560 775 1600 sententiis
805 1574 1051 1611 congruens:
1090 1574 1231 1599 manus
1261 1560 1388 1600 umeri
1410 1562 1532 1600 latera

193 1627 398 1679 supplosio
417 1627 531 1678 pedis
552 1634 676 1665 status
695 1626 874 1665 incessus
895 1626 1106 1676 omnisque
1126 1633 1258 1665 motus
1272 1623 1383 1679 [cum
1402 1626 1532 1666 verbis

193 1692 480 1743 sententiisque
522 1689 793 1744 consentiens]
808 1706 819 1740 3
866 1704 942 1730 vox
980 1704 1232 1742 permanens,
1269 1705 1406 1730 verum
1444 1692 1534 1731 sub-

194 1772 312 1797 rauca
331 1765 481 1796 natura.
541 1758 621 1796 Sed
641 1758 719 1796 hoc
739 1756 879 1795 vitium
895 1755 988 1795 huic
1009 1756 1078 1795 uni
1098 1756 1139 1794 in
1159 1756 1312 1795 bonum
1332 1764 1535 1796 converte-

194 1824 273 1863 bat.
352 1823 543 1862 Habebat
582 1822 689 1861 enim
727 1821 859 1861 flebile
898 1821 1091 1872 quiddam
1142 1819 1200 1874 [in
1238 1820 1531 1875 questionibus]
1553 1838 1591 1871 25

193 1896 412 1940 aptumque
432 1901 524 1926 cum
543 1889 596 1927 ad
624 1889 747 1927 fidem
776 1887 1000 1926 faciendam
1029 1895 1114 1926 tum
1142 1888 1195 1926 ad
1221 1886 1532 1927 misericordiam

194 1954 553 1993 commovendam:
594 1960 638 1991 ut
675 1966 812 1991 verum
845 1952 1044 1992 videretur
1080 1951 1121 1990 in
1160 1953 1238 1991 hoc
1276 1951 1390 2001 illud,
1422 1954 1533 2003 quod

196 2019 513 2058 Demosthenem
533 2018 663 2056 ferunt
683 2017 729 2065 ei,
753 2017 822 2068 qui
842 2017 1100 2068 quaesivisset
1120 2017 1217 2068 quid
1237 2017 1409 2068 primum
1429 2025 1533 2058 esset

194 2083 236 2122 in
285 2083 473 2131 dicendo,
509 2082 735 2131 actionem,
780 2083 877 2133 quid
922 2084 1158 2131 secundum,
1195 2082 1303 2122 idem
1346 2089 1385 2122 et
1423 2082 1532 2123 idem

194 2148 355 2188 tertium
380 2147 643 2199 respondisse.
703 2150 825 2187 Nulla
850 2161 911 2188 res
943 2148 1067 2199 magis
1098 2155 1277 2199 penetrat
1305 2147 1347 2186 in
1376 2147 1532 2188 animos
1551 2162 1594 2195 30

240 2263 260 2292 3
283 2252 345 2284 sed
361 2276 369 2284 .
391 2277 398 2285 .
420 2277 428 2285 .
448 2253 565 2284 verbis
579 2252 648 2283 secl.
665 2251 840 2283 Eberhard
1018 2262 1038 2290 4
1061 2251 1201 2291 propria
1216 2250 1430 2284 Lambinus:
1452 2262 1533 2293 pro-

195 2297 271 2336 prie
287 2295 318 2326 L
467 2306 502 2327 11
528 2296 837 2336 comprehensione
853 2295 919 2327 cod.
939 2295 1019 2327 det.:
1042 2295 1298 2335 compressione
1314 2296 1344 2327 L
1493 2306 1533 2337 17

195 2345 365 2371 oratorem
382 2340 435 2371 L:
467 2340 661 2371 orationem
677 2338 867 2370 Lambinus
956 2349 1064 2378 eaque
1088 2338 1144 2370 L:
1175 2349 1264 2378 quae
1276 2339 1395 2379 Jahn:
1428 2345 1532 2381 atque

196 2383 320 2424 Stangl
465 2393 517 2423 22,
537 2393 579 2422 23
603 2394 680 2414 cum
706 2407 715 2416 .
742 2407 749 2415 .
779 2407 786 2414 .
815 2383 1039 2414 consentiens
1054 2383 1124 2414 secl.
1142 2382 1267 2414 Schutz
1430 2394 1472 2424 25
1496 2384 1531 2416 in

197 2426 433 2467 questionibus
452 2427 522 2458 secl.
543 2425 714 2459 Weidner:
738 2426 1039 2467 conquestionibus
1056 2426 1178 2458 maluit
1189 2425 1381 2459 Lambinus
1487 2437 1532 2468 30

198 2471 292 2503 nulla
307 2469 337 2501 L
350 2481 358 2502 2
384 2481 447 2502 nec
463 2471 531 2502 ulla
546 2469 689 2503 Schenkl
