1696 2730
689 137 927 179 ORATOR
1453 151 1479 179 2
1498 153 1515 189 7

145 246 243 288 alios
263 246 433 295 densius,
448 249 556 298 apud
574 247 673 288 alios
692 249 856 289 fortasse
875 248 1008 289 rarius.
1066 251 1145 289 Sed
1165 264 1239 301 ego
1259 250 1314 290 sic
1335 258 1478 301 statuo,
1498 262 1516 293 8

145 311 243 350 nihil
263 325 348 351 esse
363 311 404 350 in
419 314 500 352 ullo
518 325 662 363 genere
676 321 757 353 tam
776 315 996 365 pulchrum,
1012 328 1093 365 quo
1112 329 1195 355 non
1214 315 1416 366 pulchrius
1435 316 1477 356 id

145 375 194 415 sit
209 378 316 417 unde
331 377 428 416 illud
444 385 486 416 ut
501 391 549 417 ex
564 391 631 417 ore
649 378 783 429 aliquo
798 378 911 430 quasi
929 379 1060 431 imago
1080 379 1318 431 exprimatur
1330 395 1341 430 3
1367 383 1477 432 quod

144 454 275 492 neque
295 441 419 481 oculis
438 456 570 493 neque
588 442 748 483 auribus
768 457 899 494 neque
924 445 1006 483 ullo
1026 458 1144 484 sensu
1164 445 1313 496 percipi
1333 453 1474 496 potest,

107 529 124 561 5
143 506 382 557 cogitatione
395 514 548 546 tantum
564 515 602 546 et
615 516 748 548 mente
760 509 1071 560 complectimur.
1103 511 1245 561 Itaque
1260 518 1299 550 et
1312 511 1477 551 Phidiae

143 570 370 619 simulacris,
381 572 524 623 quibus
537 573 635 611 nihil
647 573 689 612 in
703 573 771 612 illo
784 587 927 624 genere
939 575 1148 625 perfectius
1160 575 1352 624 videmus,
1368 583 1407 615 et
1422 576 1477 616 eis

142 636 304 688 picturis
324 651 421 687 quas
440 637 642 677 nominavi
661 638 832 689 cogitare
852 646 986 679 tamen
1004 653 1216 691 possumus
1236 641 1478 691 pulchriora;

143 715 218 741 nec
236 715 329 742 vero
349 702 413 742 ille
431 702 568 742 artifex
587 717 678 742 cum
698 705 843 743 faceret
863 704 970 744 Iovis
989 706 1156 744 formam
1176 713 1245 744 aut
1259 706 1474 754 Minervae,
1497 726 1516 757 9

144 769 487 819 contemplabatur
513 768 687 819 aliquem
717 782 739 808 e
772 783 853 820 quo
882 769 1183 810 similitudinem
1210 772 1383 819 duceret,
1406 772 1477 811 sed

84 850 125 876 10
143 832 266 883 ipsius
286 832 327 871 in
343 841 476 873 mente
495 833 692 873 insidebat
712 834 862 885 species
881 835 1185 886 pulchritudinis
1205 836 1347 876 eximia
1362 850 1478 888 quae-

146 898 251 945 dam,
273 911 394 948 quam
413 898 571 937 intuens
590 898 632 937 in
651 912 777 950 eaque
797 901 950 939 defixus
968 902 1020 940 ad
1048 900 1151 940 illius
1177 901 1477 941 similitudinem

143 970 267 1002 artem
298 971 336 1002 et
365 977 528 1002 manum
557 964 759 1015 dirigebat.
818 967 873 1004 Vt
901 965 1016 1016 igitur
1043 965 1084 1004 in
1112 966 1248 1006 formis
1277 974 1316 1006 et
1345 967 1476 1017 figuris
1497 975 1522 1011 3

146 1035 206 1068 est
242 1027 392 1078 aliquid
433 1030 652 1079 perfectum
693 1037 733 1068 et
776 1032 982 1079 excellens,
1022 1030 1134 1070 cuius
1175 1033 1227 1071 ad
1265 1031 1476 1082 cogitatam

146 1092 317 1144 speciem
343 1093 537 1133 imitando
570 1095 789 1134 referuntur
817 1109 942 1146 eaque
972 1096 1047 1135 sub
1075 1098 1212 1135 oculos
1245 1096 1330 1148 ipsa
1360 1095 1476 1150 [non]

85 1173 123 1207 15
144 1157 261 1205 cadit,
295 1158 350 1197 sic
388 1160 583 1209 perfectae
620 1160 871 1211 eloquentiae
908 1161 1082 1212 speciem
1114 1162 1249 1201 animo
1281 1162 1474 1210 videmus,

144 1222 312 1274 effigiem
344 1223 504 1263 auribus
535 1224 770 1275 quaerimus.
831 1228 919 1265 Has
956 1240 1085 1265 rerum
1123 1228 1268 1266 formas
1304 1229 1477 1278 appellat
1498 1240 1538 1262 10

143 1288 239 1330 ἰδέας
257 1288 322 1328 ille
341 1302 423 1328 non
447 1289 702 1340 intellegendi
725 1292 854 1330 solum
881 1292 951 1330 sed
977 1291 1096 1331 etiam
1120 1291 1281 1332 dicendi
1303 1292 1478 1343 gravissi-

144 1367 232 1393 mus
264 1362 402 1410 auctor
434 1362 473 1394 et
510 1355 694 1405 magister
725 1357 852 1405 Plato,
882 1370 1028 1407 easque
1065 1357 1172 1408 gigni
1204 1365 1321 1408 negat
1354 1365 1393 1398 et
1423 1358 1477 1397 ait

10 1460 14 1469 ,
143 1432 299 1470 semper
335 1433 421 1459 esse
453 1433 500 1459 ac
537 1420 688 1460 ratione
718 1428 758 1460 et
788 1421 1056 1472 intellegentia
1088 1422 1308 1471 contineri,
1348 1430 1477 1462 cetera

11 1475 33 1520 ζῖῑ
83 1507 126 1530 20
143 1484 252 1524 nasci
285 1484 467 1525 occidere
497 1487 617 1525 fluere
646 1486 727 1525 labi
758 1500 834 1526 nec
863 1486 1011 1526 diutius
1040 1501 1126 1527 esse
1155 1501 1236 1527 uno
1265 1496 1303 1528 et
1332 1490 1475 1528 eodem

11 1544 39 1560 '²‘
143 1556 258 1590 statu.
327 1550 532 1601 Quicquid
575 1558 634 1590 est
677 1551 793 1602 igitur
829 1553 881 1591 de
918 1565 999 1603 quo
1036 1552 1188 1592 ratione
1226 1561 1265 1593 et
1302 1553 1364 1592 via
1401 1553 1477 1593 dis-

145 1621 313 1664 putetur,
335 1614 376 1653 id
400 1622 459 1655 est
484 1617 535 1655 ad
559 1615 739 1655 ultimam
765 1616 826 1655 sui
851 1617 1004 1667 generis
1027 1618 1193 1657 formam
1223 1618 1477 1670 speciemque

142 1678 413 1730 redigendum.

196 1746 258 1783 Ac
282 1744 399 1784 video
426 1746 529 1784 hanc
552 1745 720 1796 primam
746 1746 1030 1798 ingressionem
1059 1761 1190 1788 meam
1216 1762 1299 1788 non
1325 1762 1373 1788 ex
1395 1762 1478 1788 ora·
1500 1761 1532 1783 11

84 1831 123 1864 ²5
146 1809 254 1849 toriis
296 1809 631 1860 disputationibus
677 1812 838 1850 ductam
880 1813 950 1851 sed
988 1826 1010 1852 e
1051 1813 1184 1853 media
1224 1812 1477 1864 philosophia

143 1874 360 1925 repetitam,
387 1883 427 1913 et
451 1888 539 1914 eam
560 1875 723 1926 quidem
744 1890 836 1916 cum
855 1877 1059 1928 antiquam
1083 1886 1168 1917 tum
1189 1878 1475 1918 subobscuram

142 1947 210 1979 aut
229 1939 545 1990 reprehensionis
563 1940 714 1991 aliquid
733 1949 801 1980 aut
824 1950 929 1982 certe
948 1943 1219 1983 admirationis
1239 1943 1473 1983 habituram.

145 2006 250 2043 Nam
269 2012 338 2044 aut
357 2004 602 2044 mirabuntur
621 2005 719 2056 quid
739 2007 837 2046 haec
857 2008 1078 2058 pertineant
1100 2011 1153 2049 ad
1172 2022 1219 2048 ea
1238 2023 1340 2060 quae
1360 2023 1477 2060 quae-

142 2069 463 2121 rimus—quibus
497 2070 590 2109 satis
623 2070 739 2110 faciet
777 2085 837 2111 res
870 2072 954 2123 ipsa
987 2073 1154 2125 cognita,
1190 2082 1234 2113 ut
1271 2087 1353 2113 non
1391 2074 1476 2113 sine

81 2154 124 2186 30
141 2147 260 2174 causa
286 2135 364 2174 alte
387 2133 552 2184 repetita
574 2134 875 2176 videatur—aut
897 2139 1198 2189 reprehendent,
1221 2139 1331 2189 quod
1358 2138 1477 2178 inusi-

183 2247 204 2278 3
226 2238 317 2278 quod
346 2248 459 2277 neque
484 2236 514 2267 L
531 2250 537 2269 :
571 2238 662 2278 quod
688 2243 803 2270 tamen
837 2250 948 2280 neque
976 2239 1143 2271 Friedrich
1159 2251 1167 2271 :
1201 2241 1291 2281 quod
1317 2241 1475 2282 quoniam

140 2291 250 2322 neque
266 2281 450 2322 Heerdegen
542 2291 580 2322 14
605 2292 713 2322 eaque
730 2281 915 2324 Heerdegen
929 2294 935 2314 :
958 2294 1000 2314 ea
1016 2294 1102 2324 quae
1121 2284 1226 2315 OPM
1236 2296 1244 2316 ε
1267 2295 1325 2316 eas
1342 2295 1430 2326 quae
1447 2285 1481 2316 F

140 2334 207 2356 non
224 2325 292 2356 secl.
313 2324 469 2356 Victorius
688 2335 726 2365 15
751 2326 841 2358 cadit
856 2326 1044 2368 Heerdegen
1060 2339 1067 2359 :
1098 2328 1224 2360 cadunt
1239 2327 1269 2358 L
1433 2339 1475 2368 24

138 2369 295 2399 oratoriis
309 2368 398 2400 codd.
414 2368 488 2400 dett.
504 2379 510 2399 :
535 2369 680 2400 oratoris
693 2368 723 2399 L
736 2373 764 2400 et
781 2370 910 2401 Nonius
996 2373 1038 2401 26
1061 2381 1135 2402 eam
1148 2395 1156 2403 .
1173 2395 1181 2404 .
1202 2395 1210 2405 .
1226 2372 1400 2413 antiquam
1417 2396 1424 2405 .
1441 2396 1449 2405 .
1467 2396 1474 2406 .

139 2411 381 2444 subobscuram
399 2412 426 2443 L
443 2423 450 2443 :
474 2422 514 2444 ea
531 2436 538 2444 .
556 2436 564 2445 .
582 2436 589 2444 .
606 2413 747 2453 antiqua
764 2437 771 2446 .
789 2437 797 2446 .
815 2437 823 2446 .
839 2414 1044 2446 subobscura
1061 2414 1151 2447 Bake

180 2472 244 2496 cle.
260 2472 403 2496 ORATOR
1365 2467 1387 2500 8
