1696 2730
456 129 840 169 PARTITIONES
878 129 1214 170 ORATORIAE
1446 140 1503 179 29
1525 145 1587 178 103

168 248 231 280 tur
243 255 254 291 ς
282 253 524 292 quamquam
551 253 634 279 non
659 252 707 279 ea
732 238 856 290 magis
881 252 983 290 quae
1008 246 1146 278 contra
1174 239 1345 278 rationes
1371 240 1505 279 defen-

168 306 290 346 sionis
316 307 547 345 adferuntur
565 318 686 356 quam
708 303 818 356 ipsae
833 303 1076 344 defensionis
1095 304 1266 344 rationes
1295 304 1503 344 continent

167 384 317 411 causas.
375 372 455 410 Sed
483 370 754 422 distinguendi
771 369 895 420 gratia
915 369 1108 409 rationem
1128 371 1374 420 appellemus
1399 383 1499 418 eam,

167 450 270 488 quae
299 437 472 476 adfertur
508 449 533 474 a
569 449 636 475 reo
673 436 726 474 ad
756 436 1021 474 recusandum
1060 435 1287 486 depellendi
1325 435 1500 474 criminis

131 518 148 549 5
166 515 295 550 causa,
318 515 419 552 quae
439 500 515 540 nisi
534 508 647 548 esset,
669 500 766 551 quid
786 501 1018 540 defenderet
1044 513 1126 539 non
1152 501 1314 539 haberet
1331 515 1341 549 3
1374 501 1502 539 firma-

166 574 345 606 mentum
377 573 522 614 autem,
558 567 668 616 quod
701 573 839 605 contra
871 566 922 605 ad
953 565 1270 604 labefactandam
1304 564 1497 604 rationem

165 633 336 680 refertur,
359 631 444 670 sine
471 644 552 682 quo
580 629 780 670 accusatio
809 638 910 669 stare
939 643 1020 669 non
1050 637 1194 681 posset.
1254 631 1315 668 Ex
1337 629 1498 669 rationis

163 704 297 736 autem
335 704 374 736 et
411 710 459 736 ex
495 695 734 735 firmamenti
777 695 1031 735 conflictione
1069 702 1108 735 et
1146 695 1258 746 quasi
1303 709 1498 735 concursu

165 761 343 813 quaestio
381 762 579 813 quaedam
617 760 798 808 exoritur,
837 773 957 811 quam
1002 750 1332 811 disceptationem
1370 774 1499 810 voco;

109 846 148 869 ιο
163 826 206 866 in
243 840 322 878 qua
359 826 457 877 quid
493 825 624 866 veniat
660 825 702 864 in
743 825 935 865 iudicium
973 832 1012 865 et
1050 827 1101 865 de
1139 839 1219 876 quo
1257 825 1499 876 disceptetur
1546 865 1549 868 ,

163 892 299 943 quaeri
318 893 428 932 solet.
488 893 593 931 Nam
612 890 739 942 prima
756 889 1068 930 adversariorum
1087 890 1293 930 contentio
1311 890 1497 930 diffusam
1560 910 1565 919 ¹

162 957 284 997 habet
312 956 598 1008 quaestionem,
628 963 673 995 ut
700 955 740 995 in
769 955 1022 995 coniectura:
1065 955 1277 1006 Ceperitne
1307 955 1496 1006 pecunias

164 1022 312 1062 Decius
326 1038 337 1072 ς
365 1023 406 1062 in
429 1022 685 1062 definitione:
720 1020 963 1060 Minueritne
992 1021 1236 1060 maiestatem
1258 1022 1496 1070 Norbanus;

163 1088 204 1127 in
232 1088 455 1139 aequitate:
486 1089 629 1127 Iurene
655 1086 844 1126 occiderit
865 1086 1048 1138 Opimius
1069 1088 1305 1126 Gracchum.
1365 1087 1495 1136 Haec,

109 1171 146 1204 ¹5
163 1165 266 1204 quae
302 1153 470 1204 primam
503 1151 801 1192 contentionem
835 1152 984 1191 habent
1017 1165 1065 1191 ex
1095 1152 1298 1201 arguendo
1335 1158 1374 1190 et
1407 1151 1496 1190 resi-

162 1219 317 1266 stendo,
339 1219 428 1266 lata,
449 1225 493 1257 ut
518 1217 611 1266 dixi,
631 1224 670 1256 et
695 1218 782 1256 fusa
804 1224 905 1256 sunt.
966 1216 1183 1255 Rationum
1210 1224 1249 1255 et
1275 1217 1496 1255 firmamen-

161 1291 291 1323 torum
316 1282 521 1322 contentio
546 1282 710 1322 adducit
735 1281 776 1320 in
801 1289 1013 1332 angustum
1034 1281 1375 1332 disceptationem.
1434 1283 1494 1320 Ea

160 1349 201 1388 in
237 1348 466 1388 coniectura
506 1349 614 1386 nulla
651 1354 720 1386 est.
781 1348 914 1386 Nemo
960 1346 1068 1386 enim
1106 1346 1190 1385 eius
1228 1347 1338 1396 quod
1376 1354 1493 1397 negat

158 1415 307 1453 sactum
327 1420 459 1465 potest
479 1420 549 1452 aut
575 1413 695 1452 debet
722 1419 792 1451 aut
825 1413 925 1451 solet
955 1412 1120 1451 reddere
1154 1410 1357 1450 rationem.
1418 1412 1494 1451 Ita-

101 1499 144 1524 20
160 1491 238 1530 que
266 1479 305 1518 in
335 1478 396 1518 his
424 1477 552 1518 causis
580 1478 723 1517 eadem
754 1485 794 1517 et
825 1476 953 1529 prima
982 1476 1161 1528 quaestio
1191 1483 1230 1515 et
1257 1475 1492 1527 disceptatio

0 1526 28 1558 ἶ
157 1551 331 1583 extrema
358 1551 428 1583 est.
487 1544 536 1581 In
565 1542 640 1581 illis
667 1549 812 1591 autem,
835 1541 904 1581 ubi
932 1541 986 1580 ita
1014 1541 1182 1581 dicitur:
1226 1542 1320 1580 Non
1350 1540 1493 1581 minuit
1512 1555 1572 1590 ¹05

157 1609 403 1648 maiestatem
440 1609 551 1659 quod
588 1607 667 1659 egit
704 1609 755 1647 de
788 1607 992 1658 Caepione
1025 1606 1315 1655 turbulentius;
1353 1606 1491 1657 populi

156 1674 263 1714 enim
295 1675 409 1713 dolor
440 1673 565 1712 iustus
597 1671 692 1726 [vim
724 1679 809 1711 tum
842 1672 948 1711 illam
986 1670 1197 1724 excitavit],
1231 1685 1311 1710 non
1343 1671 1491 1711 tribuni

155 1739 260 1779 actio
274 1754 285 1787 3
326 1738 510 1778 maiestas
539 1745 684 1786 autem,
719 1737 909 1788 quoniam
941 1744 999 1776 est
1029 1736 1262 1787 magnitudo
1291 1738 1489 1787 quaedam

99 1826 139 1859 ²5
157 1804 294 1856 populi
324 1803 499 1844 Romani
528 1803 568 1842 in
597 1802 682 1842 eius
715 1810 911 1854 potestate
937 1815 985 1841 ac
1013 1801 1096 1841 iure
1125 1801 1346 1850 retinendo,
1373 1810 1490 1843 aucta

155 1869 287 1921 potius
318 1877 376 1909 est
405 1883 525 1920 quam
555 1868 787 1916 deminuta;
825 1875 866 1908 et
893 1867 962 1907 ubi
990 1867 1044 1906 ita
1073 1868 1257 1906 refertur:
1300 1867 1488 1907 Maiestas

154 1943 214 1975 est
242 1935 283 1974 in
311 1935 451 1986 imperi
478 1941 599 1985 atque
627 1933 667 1972 in
701 1933 873 1972 nominis
911 1932 1048 1984 populi
1080 1931 1254 1971 Romani
1284 1932 1485 1983 dignitate,

154 2014 274 2051 quam
299 2000 441 2039 minuit
460 2000 492 2038 is
507 1999 575 2050 qui
595 2012 665 2050 per
683 1997 761 2037 vim
793 1997 1055 2038 multitudinis
1075 2011 1157 2037 rem
1177 1998 1228 2036 ad
1249 1997 1486 2037 seditionem

153 2065 332 2114 vocavit;
368 2065 527 2104 exsistet
560 2064 631 2103 illa·
658 2063 916 2114 disceptatio:
956 2062 1198 2102 Minueritne
1227 2062 1485 2111 maiestatem,

96 2150 137 2181 30
153 2130 222 2181 qui
254 2131 457 2171 voluntate
486 2129 624 2181 populi
655 2128 829 2168 Romani
858 2142 940 2168 rem
970 2135 1119 2179 gratam
1148 2134 1187 2166 et
1215 2140 1383 2178 aequam
1416 2141 1486 2179 per

152 2195 232 2234 vim
252 2195 382 2247 egerit.
442 2196 491 2234 In
521 2194 576 2234 eis
604 2202 737 2233 autem
765 2193 906 2242 causis,
927 2193 996 2232 ubi
1025 2192 1174 2243 aliquid
1203 2200 1307 2232 recte
1336 2194 1484 2232 factum
1507 2203 1567 2236 106

151 2268 220 2300 aut
252 2261 556 2300 concedendum
590 2273 677 2299 esse
706 2256 888 2313 [factum]
918 2257 1152 2306 defenditur,
1184 2271 1275 2297 cum
1304 2266 1364 2297 est
1391 2258 1484 2298 facti

1516 609 1571 647 30

1519 669 1582 702 104

195 2376 217 2398 2
241 2365 451 2398 defensionis
466 2364 555 2406 vulg.
574 2376 582 2396 ε
606 2363 826 2396 defensiones
847 2367 882 2395 et
906 2361 940 2394 P
1088 2372 1131 2403 23
1155 2362 1220 2395 vim
1236 2385 1248 2396 .
1265 2388 1272 2396 .
1291 2386 1299 2395 .
1322 2363 1483 2396 excitavit

151 2420 217 2442 om.
235 2409 269 2441 P
397 2419 439 2448 32
462 2409 585 2440 sactum
601 2408 680 2440 delet
693 2407 816 2439 Scluitz
