1696 2730
168 166 226 203 14
562 157 619 196 M.
660 158 831 196 TVLLI
872 157 1182 198 CICERONIS

202 266 312 318 pium
351 274 391 306 et
423 267 631 318 peroratio.
692 269 736 308 C.
770 268 912 319 Quid?
960 268 1154 319 Quaestio
1189 282 1384 320 quasnam
1421 269 1542 310 habet

202 332 354 383 partis?
401 335 443 372 P.
471 333 687 383 Infinitam,
709 347 830 384 quarn
859 333 1194 374 consultationem
1220 336 1390 386 appello,
1412 342 1452 374 et
1477 336 1542 375 de-

158 377 183 470 }
202 397 366 447 finitam,
384 412 504 450 quam
525 412 686 438 causam
706 399 884 439 nomino.
943 401 988 440 C.
1008 399 1212 450 Quoniam
1232 400 1348 451 igitur
1366 399 1542 440 invenire

201 463 374 514 primum
404 471 462 503 est
491 464 667 513 oratoris,
689 464 787 516 quid
816 467 1006 516 quaeret?
1059 467 1101 504 P.
1130 465 1399 514 Vtvinveniat,
1421 479 1541 517 quem

201 530 253 569 ad
274 531 441 569 modum
461 531 583 569 fidem
603 530 721 569 faciat
740 530 796 570 eis
816 531 962 581 quibus
982 530 1076 570 velit
1090 532 1340 582 persuadere,
1362 538 1402 571 et
1421 544 1541 582 quern
1561 546 1579 578 5

200 596 253 634 ad
278 596 444 634 modurn
466 603 619 635 motum
641 609 777 635 eorum
798 596 941 635 animis
961 597 1122 636 adserat.
1183 597 1228 637 C.
1247 596 1405 646 Quibus
1424 596 1542 636 rebus

201 661 300 700 fides
321 661 393 700 fit?
441 662 482 700 P.
514 661 782 712 Argumentis,
805 675 907 713 quae
928 663 1128 702 ducuntur
1153 676 1201 702 ex
1225 661 1323 702 locis
1348 670 1417 702 aut
1436 662 1478 701 in
1502 676 1542 702 re

200 725 286 777 ipsa
314 725 440 765 insitis
469 734 537 766 aut
566 727 798 778 adsumptis.
859 729 903 768 C.
937 729 1050 777 Quos
1076 741 1195 767 vocas
1224 729 1366 767 locos?
1412 730 1454 767 P.
1493 729 1542 767 In

200 792 346 843 quibus
393 793 517 832 latent
563 800 807 843 argumenta.
876 794 921 834 C.
972 793 1083 844 Quid
1130 801 1189 833 est
1235 795 1542 845 argumentum?

162 864 182 896 6
202 859 243 896 P.
267 857 479 897 Probabile
499 857 706 897 inventum
726 859 778 897 ad
798 858 1023 898 faciendam
1044 859 1176 898 fidem.
1229 860 1272 899 C.
1304 860 1397 908 Quo
1418 860 1540 899 modo
1561 871 1602 894 10

200 922 316 974 igitur
335 924 417 963 duo
437 937 581 974 genera
601 922 675 962 ista
695 923 870 963 dividis?
917 926 960 962 P.
984 926 1099 974 Quae
1127 923 1212 963 sine
1238 931 1320 964 arte
1340 931 1540 975 putantur,

199 1002 247 1028 ea
272 996 424 1028 remota
449 990 619 1040 appello,
643 996 686 1028 ut
713 989 941 1029 testimonia
954 1005 964 1039 5
993 990 1120 1038 insita,
1143 1004 1246 1042 quae
1271 990 1478 1030 inhaerent
1502 990 1544 1030 in

200 1054 285 1106 ipsa
318 1068 368 1094 re.
429 1055 474 1095 C.
500 1054 840 1094 Testimoniorum
875 1069 978 1106 quae
1011 1070 1156 1107 genera
1189 1058 1309 1096 sunt?
1361 1058 1404 1096 P.
1436 1056 1544 1096 Divi-

201 1134 297 1159 num
332 1127 371 1160 et
402 1121 648 1170 humanum3
688 1120 884 1160 divinum>
907 1129 966 1161 est
1003 1130 1046 1161 ut
1085 1123 1244 1162 oracula
1275 1121 1462 1173 auspicia,
1498 1129 1542 1161 ut

200 1185 501 1225 vaticinationes
522 1192 561 1225 et
587 1199 778 1236 responsa
797 1188 1049 1226 sacerdotum
1069 1186 1324 1238 haruspicum
1344 1187 1542 1227 coniecto·
1562 1201 1601 1234 15

200 1265 286 1290 rum
301 1266 312 1300 3
338 1252 571 1299 humanum,
587 1252 697 1302 quod
717 1259 917 1302 spectatur
937 1266 984 1292 ex
1002 1252 1248 1301 auctoritate,
1262 1266 1310 1292 ex
1324 1254 1539 1300 voluntate,

201 1330 248 1355 ex
279 1315 457 1355 oratione
488 1323 556 1355 aut
585 1315 708 1355 libera
739 1324 807 1355 aut
838 1330 1034 1368 expressa,
1055 1317 1096 1356 in
1125 1331 1206 1369 quo
1235 1317 1371 1358 insunt
1399 1317 1544 1370 scripta

166 1389 316 1432 7pacta
345 1380 539 1432 promissa
567 1380 692 1420 iurata
719 1381 908 1432 quaesita.
969 1383 1013 1422 C.
1049 1384 1165 1433 Quae
1194 1390 1286 1422 sunt
1312 1397 1415 1435 quae
1443 1382 1543 1424 dicis

200 1445 345 1485 insita?
393 1448 434 1485 P.
469 1447 584 1496 Quae
613 1444 728 1500 [iura]
757 1446 876 1486 infixa
901 1455 994 1486 sunt
1014 1448 1131 1487 rebus
1157 1447 1263 1499 ipsis,
1286 1455 1330 1487 ut
1348 1447 1541 1497 definitio,

200 1519 242 1550 ut
268 1510 521 1559 contrarium,
550 1519 594 1550 ut
621 1525 668 1550 ea
696 1525 798 1563 quae
825 1519 917 1551 sunt
942 1520 1011 1552 aut
1037 1511 1112 1564 ipsi
1140 1520 1209 1552 aut
1234 1513 1432 1553 contrario
1458 1513 1542 1553 eius
1563 1532 1604 1554 20

199 1585 267 1616 aut
293 1575 435 1615 similia
460 1584 528 1615 aut
552 1576 759 1617 dissimilia
784 1585 853 1616 aut
876 1586 1148 1618 consentanea
1173 1586 1241 1618 aut
1267 1578 1519 1619 dissentanea
1532 1594 1543 1629 ;

199 1650 242 1681 ut
266 1656 313 1682 ea
341 1655 443 1693 quae
470 1649 562 1681 sunt
588 1642 701 1694 quasi
728 1643 942 1683 coniuncta
969 1651 1038 1683 aut
1064 1657 1166 1695 quae
1193 1643 1305 1695 quasi
1327 1644 1544 1696 pugnantia

199 1708 300 1747 inter
338 1721 406 1757 se3
442 1715 486 1746 ut
519 1721 654 1747 earum
689 1723 818 1748 rerum
857 1711 909 1749 de
947 1709 1093 1760 quibus
1131 1709 1258 1760 agitur
1292 1724 1462 1760 causae,
1499 1718 1544 1751 ut

199 1787 406 1812 causarum
437 1781 613 1823 eventus,
643 1774 685 1814 id
714 1782 786 1824 est,
813 1788 916 1826 quae
945 1782 1037 1814 sunt
1066 1777 1205 1815 effecta
1234 1776 1285 1815 de
1313 1775 1442 1815 causis
1456 1790 1467 1826 ;
1499 1784 1543 1816 ut

199 1838 510 1886 distributiones,
533 1847 576 1878 ut
595 1853 740 1891 genera
763 1840 934 1892 partium
961 1854 1200 1892 generumve
1224 1848 1379 1892 partes3
1407 1848 1453 1881 ut'
1469 1842 1544 1893 pri·
1563 1860 1602 1892 ²5

200 1905 354 1944 mordia
373 1919 502 1944 rerum
530 1913 569 1944 et
589 1905 702 1957 quasi
720 1907 1023 1957 praecurrentia,
1040 1907 1081 1946 in
1102 1907 1247 1958 quibus
1266 1906 1369 1947 inest
1391 1907 1542 1959 aliquid

199 1970 420 2022 argumenti
435 1985 446 2020 3
479 1978 523 2010 ut
553 1985 682 2011 rerum
712 1972 1002 2021 contentiones,
1034 1973 1129 2024 quid
1165 1972 1304 2022 maius,
1334 1973 1432 2024 quid
1460 1986 1541 2025 par,

201 2036 298 2087 quid
325 2035 455 2074 minus
483 2036 542 2085 sit,
566 2036 606 2075 in
631 2037 777 2087 quibus
803 2045 872 2077 aut
898 2046 1062 2078 naturae
1088 2052 1216 2078 rerum
1243 2045 1312 2077 aut
1337 2039 1543 2078 facultates

158 2086 182 2169 ἒ
201 2109 493 2153 comparantur.
551 2103 595 2142 C.
626 2103 879 2143 Omnibusne
895 2103 1011 2155 igitur
1030 2117 1077 2143 ex
1096 2103 1179 2143 istis
1194 2103 1292 2143 locis
1311 2110 1543 2155 argumenta

201 2166 438 2204 sumemus?
494 2166 536 2204 P.
572 2167 706 2205 Immo
736 2179 829 2205 vero
863 2166 1127 2206 scrutabimur
1156 2174 1195 2206 et
1225 2180 1461 2218 quaeremus
1495 2180 1543 2206 ex
1561 2185 1605 2218 30

201 2230 400 2278 omnibus,
423 2231 495 2270 sed
521 2230 804 2271 adhibebimus
831 2231 1035 2281 iudicium,
1058 2239 1101 2271 ut
1124 2231 1226 2271 levia
1251 2245 1407 2283 semper
1430 2231 1544 2272 eicia-

203 2309 301 2343 mus,
334 2309 416 2334 non
448 2309 668 2347 numquam
700 2296 820 2336 etiam
854 2297 1085 2337 communia
1117 2297 1474 2349 praetermittamus
1505 2304 1545 2337 et

247 2408 267 2438 5
291 2398 385 2431 volet
401 2399 491 2432 codd.
511 2400 585 2433 dett.
682 2411 722 2441 19
746 2401 819 2433 iura
835 2400 887 2433 P:
912 2402 985 2433 iure
1002 2400 1091 2434 codd.
1108 2401 1179 2434 dett.
1196 2412 1203 2433 :
1227 2411 1294 2434 om.
1310 2400 1399 2443 vulg.
1504 2411 1545 2432 22

204 2447 263 2474 aut
280 2453 368 2483 quae
385 2443 437 2475 P:
461 2450 519 2476 aut
536 2455 576 2476 ea
589 2449 613 2486 p
631 2455 638 2476 :
662 2450 721 2476 aut
738 2450 774 2477 ut
791 2456 833 2477 ea
848 2445 1039 2477 Lambinus
