<?xml version="1.0" encoding="UTF-8"?>
<!DOCTYPE html PUBLIC "-//W3C//DTD XHTML 1.0 Transitional//EN"
    "http://www.w3.org/TR/xhtml1/DTD/xhtml1-transitional.dtd">
<html xmlns="http://www.w3.org/1999/xhtml" xml:lang="en" lang="en">
 <head>
  <title>
</title>
<meta http-equiv="Content-Type" content="text/html;charset=utf-8" />
  <meta name='ocr-system' content='tesseract 3.04.00' />
  <meta name='ocr-capabilities' content='ocr_page ocr_carea ocr_par ocr_line ocrx_word'/>
</head>
<body>
  <div class='ocr_page' id='page_1' title='image "./rhetoricarecogno02ciceuoft_0250.png"; bbox 0 0 1696 2730; ppageno 0'>
   <div class='ocr_carea' id='block_1_1' title="bbox 151 122 1187 170">
    <p class='ocr_par' dir='ltr' id='par_1_1' title="bbox 151 122 1187 170">
     <span class='ocr_line' id='line_1_1' title="bbox 151 122 1187 170; baseline 0 -8"><span class='ocrx_word' id='word_1_1' title='bbox 151 131 202 170; x_wconf 88' lang='lat'><strong>35</strong></span> <span class='ocrx_word' id='word_1_2' title='bbox 221 136 286 162; x_wconf 84' lang='lat'><strong>120</strong></span> <span class='ocrx_word' id='word_1_3' title='bbox 586 122 647 162; x_wconf 88' lang='lat' dir='ltr'><strong>M.</strong></span> <span class='ocrx_word' id='word_1_4' title='bbox 675 122 847 161; x_wconf 91' lang='lat' dir='ltr'>TVLLI</span> <span class='ocrx_word' id='word_1_5' title='bbox 877 122 1187 163; x_wconf 91' lang='lat' dir='ltr'>CICERONIS</span> 
     </span>
    </p>
   </div>
   <div class='ocr_carea' id='block_1_2' title="bbox 138 706 197 730">
    <p class='ocr_par' dir='ltr' id='par_1_2' title="bbox 138 706 197 730">
     <span class='ocr_line' id='line_1_2' title="bbox 138 706 197 730; baseline 0.017 -1"><span class='ocrx_word' id='word_1_6' title='bbox 138 706 197 730; x_wconf 83' lang='lat'><strong>121</strong></span> 
     </span>
    </p>
   </div>
   <div class='ocr_carea' id='block_1_3' title="bbox 137 1361 199 1385">
    <p class='ocr_par' dir='ltr' id='par_1_3' title="bbox 137 1361 199 1385">
     <span class='ocr_line' id='line_1_3' title="bbox 137 1361 199 1385; baseline 0.032 -2"><span class='ocrx_word' id='word_1_7' title='bbox 137 1361 199 1385; x_wconf 84' lang='lat'><strong>122</strong></span> 
     </span>
    </p>
   </div>
   <div class='ocr_carea' id='block_1_4' title="bbox 144 1837 200 1883">
    <p class='ocr_par' dir='ltr' id='par_1_4' title="bbox 144 1837 200 1883">
     <span class='ocr_line' id='line_1_4' title="bbox 144 1837 200 1883; baseline 0 -8"><span class='ocrx_word' id='word_1_8' title='bbox 144 1837 200 1883; x_wconf 88' lang='lat'><strong>36</strong></span> 
     </span>
    </p>
   </div>
   <div class='ocr_carea' id='block_1_5' title="bbox 137 1906 199 1937">
    <p class='ocr_par' dir='ltr' id='par_1_5' title="bbox 137 1906 199 1937">
     <span class='ocr_line' id='line_1_5' title="bbox 137 1906 199 1937; baseline 0.016 -9"><span class='ocrx_word' id='word_1_9' title='bbox 137 1906 199 1937; x_wconf 81' lang='lat'><strong>1²3</strong></span> 
     </span>
    </p>
   </div>
   <div class='ocr_carea' id='block_1_6' title="bbox 217 234 1620 2418">
    <p class='ocr_par' dir='ltr' id='par_1_6' title="bbox 217 234 1618 1851">
     <span class='ocr_line' id='line_1_6' title="bbox 217 234 1554 287; baseline 0 -12"><span class='ocrx_word' id='word_1_10' title='bbox 217 249 303 275; x_wconf 89' lang='lat' dir='ltr'><strong>esse</strong></span> <span class='ocrx_word' id='word_1_11' title='bbox 329 234 395 274; x_wconf 89' lang='lat' dir='ltr'><strong>illa</strong></span> <span class='ocrx_word' id='word_1_12' title='bbox 420 242 526 275; x_wconf 87' lang='lat' dir='ltr'><strong>certa</strong></span> <span class='ocrx_word' id='word_1_13' title='bbox 550 235 698 275; x_wconf 87' lang='lat' dir='ltr'><strong>indicia</strong></span> <span class='ocrx_word' id='word_1_14' title='bbox 722 235 826 285; x_wconf 90' lang='lat' dir='ltr'><strong>facti,</strong></span> <span class='ocrx_word' id='word_1_15' title='bbox 848 249 950 287; x_wconf 89' lang='lat' dir='ltr'><strong>quae</strong></span> <span class='ocrx_word' id='word_1_16' title='bbox 979 235 1098 275; x_wconf 91' lang='lat' dir='ltr'><strong>etiam</strong></span> <span class='ocrx_word' id='word_1_17' title='bbox 1124 237 1234 275; x_wconf 90' lang='lat' dir='ltr'><strong>nullo</strong></span> <span class='ocrx_word' id='word_1_18' title='bbox 1259 235 1435 275; x_wconf 90' lang='lat' dir='ltr'><strong>admisso</strong></span> <span class='ocrx_word' id='word_1_19' title='bbox 1461 249 1554 276; x_wconf 89' lang='lat' dir='ltr'><strong>con-</strong></span> 
     </span>
     <span class='ocr_line' id='line_1_7' title="bbox 217 300 1552 352; baseline 0 -12"><span class='ocrx_word' id='word_1_20' title='bbox 217 300 330 352; x_wconf 87' lang='lat' dir='ltr'>sequi</span> <span class='ocrx_word' id='word_1_21' title='bbox 349 308 522 352; x_wconf 85' lang='lat' dir='ltr'><strong>possent,</strong></span> <span class='ocrx_word' id='word_1_22' title='bbox 540 301 810 352; x_wconf 81' lang='lat' dir='ltr'><strong>consistetque</strong></span> <span class='ocrx_word' id='word_1_23' title='bbox 829 301 870 339; x_wconf 92' lang='lat' dir='ltr'><strong>in</strong></span> <span class='ocrx_word' id='word_1_24' title='bbox 890 301 1053 352; x_wconf 90' lang='lat' dir='ltr'><strong>singulis</strong></span> <span class='ocrx_word' id='word_1_25' title='bbox 1073 308 1112 340; x_wconf 90' lang='lat' dir='ltr'><strong>et</strong></span> <span class='ocrx_word' id='word_1_26' title='bbox 1131 315 1178 340; x_wconf 86' lang='lat' dir='ltr'><strong>ea</strong></span> <span class='ocrx_word' id='word_1_27' title='bbox 1196 308 1264 340; x_wconf 87' lang='lat' dir='ltr'><strong>aut</strong></span> <span class='ocrx_word' id='word_1_28' title='bbox 1283 314 1432 349; x_wconf 91' lang='lat' dir='ltr'><strong>eorum,</strong></span> <span class='ocrx_word' id='word_1_29' title='bbox 1450 314 1552 352; x_wconf 91' lang='lat' dir='ltr'><strong>quae</strong></span> 
     </span>
     <span class='ocr_line' id='line_1_8' title="bbox 217 366 1552 418; baseline 0.001 -14"><span class='ocrx_word' id='word_1_30' title='bbox 217 366 301 417; x_wconf 92' lang='lat' dir='ltr'><strong>ipse</strong></span> <span class='ocrx_word' id='word_1_31' title='bbox 334 368 438 405; x_wconf 86' lang='lat' dir='ltr'><strong>facta</strong></span> <span class='ocrx_word' id='word_1_32' title='bbox 467 380 554 406; x_wconf 89' lang='lat' dir='ltr'><strong>esse</strong></span> <span class='ocrx_word' id='word_1_33' title='bbox 584 366 700 414; x_wconf 90' lang='lat' dir='ltr'><strong>dicet,</strong></span> <span class='ocrx_word' id='word_1_34' title='bbox 733 366 891 417; x_wconf 91' lang='lat' dir='ltr'><strong>propria</strong></span> <span class='ocrx_word' id='word_1_35' title='bbox 924 380 1010 405; x_wconf 92' lang='lat' dir='ltr'><strong>esse</strong></span> <span class='ocrx_word' id='word_1_36' title='bbox 1043 367 1233 406; x_wconf 90' lang='lat' dir='ltr'><strong>defendet</strong></span> <span class='ocrx_word' id='word_1_37' title='bbox 1265 366 1397 418; x_wconf 91' lang='lat' dir='ltr'><strong>potius</strong></span> <span class='ocrx_word' id='word_1_38' title='bbox 1431 379 1552 417; x_wconf 89' lang='lat' dir='ltr'><strong>quam</strong></span> 
     </span>
     <span class='ocr_line' id='line_1_9' title="bbox 217 431 1555 483; baseline 0.001 -13"><span class='ocrx_word' id='word_1_39' title='bbox 217 431 402 480; x_wconf 89' lang='lat' dir='ltr'><strong>criminis,</strong></span> <span class='ocrx_word' id='word_1_40' title='bbox 418 439 486 470; x_wconf 88' lang='lat' dir='ltr'><strong>aut</strong></span> <span class='ocrx_word' id='word_1_41' title='bbox 501 431 576 471; x_wconf 88' lang='lat' dir='ltr'><strong>sibi</strong></span> <span class='ocrx_word' id='word_1_42' title='bbox 596 445 688 471; x_wconf 91' lang='lat' dir='ltr'><strong>cum</strong></span> <span class='ocrx_word' id='word_1_43' title='bbox 709 433 938 471; x_wconf 68' lang='lat' dir='ltr'><strong>accusatore</strong></span> <span class='ocrx_word' id='word_1_44' title='bbox 958 431 1187 471; x_wconf 88' lang='lat' dir='ltr'><strong>communia</strong></span> <span class='ocrx_word' id='word_1_45' title='bbox 1206 445 1291 471; x_wconf 89' lang='lat' dir='ltr'><strong>esse</strong></span> <span class='ocrx_word' id='word_1_46' title='bbox 1312 439 1351 471; x_wconf 90' lang='lat' dir='ltr'><strong>et</strong></span> <span class='ocrx_word' id='word_1_47' title='bbox 1365 445 1437 483; x_wconf 91' lang='lat' dir='ltr'><strong>pro</strong></span> <span class='ocrx_word' id='word_1_48' title='bbox 1456 431 1555 482; x_wconf 90' lang='lat' dir='ltr'><strong>peri-</strong></span> 
     </span>
     <span class='ocr_line' id='line_1_10' title="bbox 217 496 1590 548; baseline 0 -13"><span class='ocrx_word' id='word_1_49' title='bbox 217 498 308 536; x_wconf 90' lang='lat' dir='ltr'><strong>culo</strong></span> <span class='ocrx_word' id='word_1_50' title='bbox 328 497 460 548; x_wconf 91' lang='lat' dir='ltr'><strong>potius</strong></span> <span class='ocrx_word' id='word_1_51' title='bbox 480 510 600 547; x_wconf 91' lang='lat' dir='ltr'><strong>quam</strong></span> <span class='ocrx_word' id='word_1_52' title='bbox 621 505 759 536; x_wconf 91' lang='lat' dir='ltr'><strong>contra</strong></span> <span class='ocrx_word' id='word_1_53' title='bbox 778 498 946 536; x_wconf 89' lang='lat' dir='ltr'><strong>salutem</strong></span> <span class='ocrx_word' id='word_1_54' title='bbox 965 499 1093 537; x_wconf 91' lang='lat' dir='ltr'><strong>valere</strong></span> <span class='ocrx_word' id='word_1_55' title='bbox 1114 497 1260 537; x_wconf 90' lang='lat' dir='ltr'><strong>debere</strong></span> <span class='ocrx_word' id='word_1_56' title='bbox 1274 512 1284 546; x_wconf 76' lang='lat'>3</span> <span class='ocrx_word' id='word_1_57' title='bbox 1313 496 1554 548; x_wconf 84' lang='lat' dir='ltr'><strong>testiumque</strong></span> <span class='ocrx_word' id='word_1_58' title='bbox 1573 509 1590 540; x_wconf 82' lang='lat'>5</span> 
     </span>
     <span class='ocr_line' id='line_1_11' title="bbox 218 561 1554 613; baseline -0.001 -12"><span class='ocrx_word' id='word_1_59' title='bbox 218 569 257 601; x_wconf 91' lang='lat' dir='ltr'><strong>et</strong></span> <span class='ocrx_word' id='word_1_60' title='bbox 277 562 556 613; x_wconf 82' lang='lat' dir='ltr'><strong>quaestionum</strong></span> <span class='ocrx_word' id='word_1_61' title='bbox 579 576 704 613; x_wconf 88' lang='lat' dir='ltr'><strong>genus</strong></span> <span class='ocrx_word' id='word_1_62' title='bbox 727 562 954 602; x_wconf 89' lang='lat' dir='ltr'><strong>universum</strong></span> <span class='ocrx_word' id='word_1_63' title='bbox 976 570 1015 602; x_wconf 91' lang='lat' dir='ltr'><strong>et</strong></span> <span class='ocrx_word' id='word_1_64' title='bbox 1034 564 1145 613; x_wconf 91' lang='lat' dir='ltr'><strong>quod</strong></span> <span class='ocrx_word' id='word_1_65' title='bbox 1167 562 1311 613; x_wconf 90' lang='lat' dir='ltr'><strong>poterit</strong></span> <span class='ocrx_word' id='word_1_66' title='bbox 1329 562 1371 601; x_wconf 94' lang='lat' dir='ltr'><strong>in</strong></span> <span class='ocrx_word' id='word_1_67' title='bbox 1392 561 1554 613; x_wconf 85' lang='lat' dir='ltr'><strong>singulis</strong></span> 
     </span>
     <span class='ocr_line' id='line_1_12' title="bbox 218 628 1553 679; baseline -0.001 -12"><span class='ocrx_word' id='word_1_68' title='bbox 218 642 266 667; x_wconf 88' lang='lat' dir='ltr'><strong>ex</strong></span> <span class='ocrx_word' id='word_1_69' title='bbox 295 628 611 679; x_wconf 89' lang='lat' dir='ltr'><strong>reprehensionis</strong></span> <span class='ocrx_word' id='word_1_70' title='bbox 637 628 734 668; x_wconf 88' lang='lat' dir='ltr'><strong>locis</strong></span> <span class='ocrx_word' id='word_1_71' title='bbox 764 630 814 667; x_wconf 92' lang='lat' dir='ltr'><strong>de</strong></span> <span class='ocrx_word' id='word_1_72' title='bbox 844 628 988 679; x_wconf 89' lang='lat' dir='ltr'><strong>quibus</strong></span> <span class='ocrx_word' id='word_1_73' title='bbox 1014 636 1107 668; x_wconf 91' lang='lat' dir='ltr'><strong>ante</strong></span> <span class='ocrx_word' id='word_1_74' title='bbox 1133 628 1286 668; x_wconf 92' lang='lat' dir='ltr'><strong>dictum</strong></span> <span class='ocrx_word' id='word_1_75' title='bbox 1311 635 1371 667; x_wconf 89' lang='lat' dir='ltr'><strong>est</strong></span> <span class='ocrx_word' id='word_1_76' title='bbox 1391 629 1553 667; x_wconf 90' lang='lat' dir='ltr'><strong>refellet.</strong></span> 
     </span>
     <span class='ocr_line' id='line_1_13' title="bbox 220 693 1554 745; baseline 0 -13"><span class='ocrx_word' id='word_1_77' title='bbox 220 695 376 732; x_wconf 89' lang='lat' dir='ltr'><strong>Harum</strong></span> <span class='ocrx_word' id='word_1_78' title='bbox 410 707 617 733; x_wconf 89' lang='lat' dir='ltr'><strong>causarum</strong></span> <span class='ocrx_word' id='word_1_79' title='bbox 650 693 843 745; x_wconf 90' lang='lat' dir='ltr'><strong>principia</strong></span> <span class='ocrx_word' id='word_1_80' title='bbox 880 693 1098 745; x_wconf 90' lang='lat' dir='ltr'><strong>suspiciosa</strong></span> <span class='ocrx_word' id='word_1_81' title='bbox 1129 695 1181 733; x_wconf 91' lang='lat' dir='ltr'><strong>ad</strong></span> <span class='ocrx_word' id='word_1_82' title='bbox 1213 693 1470 733; x_wconf 82' lang='lat' dir='ltr'><strong>acerbitatem</strong></span> <span class='ocrx_word' id='word_1_83' title='bbox 1503 693 1554 732; x_wconf 92' lang='lat' dir='ltr'><strong>ab</strong></span> 
     </span>
     <span class='ocr_line' id='line_1_14' title="bbox 217 758 1554 810; baseline -0.001 -12"><span class='ocrx_word' id='word_1_84' title='bbox 217 767 447 798; x_wconf 87' lang='lat' dir='ltr'><strong>accusatore</strong></span> <span class='ocrx_word' id='word_1_85' title='bbox 466 766 674 810; x_wconf 91' lang='lat' dir='ltr'><strong>ponentur,</strong></span> <span class='ocrx_word' id='word_1_86' title='bbox 690 759 1069 810; x_wconf 86' lang='lat' dir='ltr'><strong>denuntiabiturque</strong></span> <span class='ocrx_word' id='word_1_87' title='bbox 1089 773 1304 798; x_wconf 92' lang='lat' dir='ltr'><strong>commune</strong></span> <span class='ocrx_word' id='word_1_88' title='bbox 1323 758 1554 798; x_wconf 91' lang='lat' dir='ltr'><strong>insidiarum</strong></span> 
     </span>
     <span class='ocr_line' id='line_1_15' title="bbox 218 824 1616 875; baseline -0.002 -11"><span class='ocrx_word' id='word_1_89' title='bbox 218 824 437 875; x_wconf 91' lang='lat' dir='ltr'><strong>periculum</strong></span> <span class='ocrx_word' id='word_1_90' title='bbox 453 824 808 874; x_wconf 86' lang='lat' dir='ltr'><strong>excitabunturque</strong></span> <span class='ocrx_word' id='word_1_91' title='bbox 826 824 959 872; x_wconf 92' lang='lat' dir='ltr'><strong>animi,</strong></span> <span class='ocrx_word' id='word_1_92' title='bbox 975 832 1018 863; x_wconf 90' lang='lat' dir='ltr'><strong>ut</strong></span> <span class='ocrx_word' id='word_1_93' title='bbox 1031 825 1254 864; x_wconf 80' lang='lat' dir='ltr'><strong>attendant.</strong></span> <span class='ocrx_word' id='word_1_94' title='bbox 1289 826 1327 863; x_wconf 93' lang='lat' dir='ltr'>A</span> <span class='ocrx_word' id='word_1_95' title='bbox 1339 837 1408 864; x_wconf 89' lang='lat' dir='ltr'><strong>reo</strong></span> <span class='ocrx_word' id='word_1_96' title='bbox 1421 830 1555 864; x_wconf 90' lang='lat' dir='ltr'><strong>autem</strong></span> <span class='ocrx_word' id='word_1_97' title='bbox 1577 839 1616 862; x_wconf 89' lang='lat'><strong>10</strong></span> 
     </span>
     <span class='ocr_line' id='line_1_16' title="bbox 218 889 1557 941; baseline -0.001 -12"><span class='ocrx_word' id='word_1_98' title='bbox 218 891 394 940; x_wconf 89' lang='lat' dir='ltr'><strong>querella</strong></span> <span class='ocrx_word' id='word_1_99' title='bbox 431 889 592 929; x_wconf 90' lang='lat' dir='ltr'><strong>conflati</strong></span> <span class='ocrx_word' id='word_1_100' title='bbox 622 889 796 929; x_wconf 88' lang='lat' dir='ltr'><strong>criminis</strong></span> <span class='ocrx_word' id='word_1_101' title='bbox 827 891 1179 940; x_wconf 89' lang='lat' dir='ltr'><strong>conlectarumque</strong></span> <span class='ocrx_word' id='word_1_102' title='bbox 1211 889 1484 941; x_wconf 88' lang='lat' dir='ltr'><strong>suspicionum</strong></span> <span class='ocrx_word' id='word_1_103' title='bbox 1517 896 1557 929; x_wconf 86' lang='lat' dir='ltr'><strong>et</strong></span> 
     </span>
     <span class='ocr_line' id='line_1_17' title="bbox 218 954 1557 1006; baseline -0.001 -11"><span class='ocrx_word' id='word_1_104' title='bbox 218 955 457 995; x_wconf 90' lang='lat' dir='ltr'><strong>accusatoris</strong></span> <span class='ocrx_word' id='word_1_105' title='bbox 482 954 650 994; x_wconf 86' lang='lat' dir='ltr'><strong>insidiae</strong></span> <span class='ocrx_word' id='word_1_106' title='bbox 676 962 715 994; x_wconf 90' lang='lat' dir='ltr'><strong>et</strong></span> <span class='ocrx_word' id='word_1_107' title='bbox 740 954 835 994; x_wconf 88' lang='lat' dir='ltr'><strong>item</strong></span> <span class='ocrx_word' id='word_1_108' title='bbox 862 968 1078 994; x_wconf 89' lang='lat' dir='ltr'><strong>commune</strong></span> <span class='ocrx_word' id='word_1_109' title='bbox 1096 955 1316 1006; x_wconf 89' lang='lat' dir='ltr'><strong>periculum</strong></span> <span class='ocrx_word' id='word_1_110' title='bbox 1339 956 1557 1006; x_wconf 87' lang='lat' dir='ltr'><strong>proferetur</strong></span> 
     </span>
     <span class='ocr_line' id='line_1_18' title="bbox 218 1020 1557 1071; baseline 0 -12"><span class='ocrx_word' id='word_1_111' title='bbox 218 1020 422 1071; x_wconf 85' lang='lat' dir='ltr'><strong>animique</strong></span> <span class='ocrx_word' id='word_1_112' title='bbox 452 1022 503 1060; x_wconf 93' lang='lat' dir='ltr'><strong>ad</strong></span> <span class='ocrx_word' id='word_1_113' title='bbox 530 1020 840 1060; x_wconf 89' lang='lat' dir='ltr'><strong>misericordiam</strong></span> <span class='ocrx_word' id='word_1_114' title='bbox 875 1020 1111 1059; x_wconf 88' lang='lat' dir='ltr'><strong>adlicientur</strong></span> <span class='ocrx_word' id='word_1_115' title='bbox 1136 1027 1175 1060; x_wconf 92' lang='lat' dir='ltr'><strong>et</strong></span> <span class='ocrx_word' id='word_1_116' title='bbox 1202 1020 1361 1060; x_wconf 84' lang='lat' dir='ltr'><strong>modice</strong></span> <span class='ocrx_word' id='word_1_117' title='bbox 1386 1020 1557 1060; x_wconf 89' lang='lat' dir='ltr'><strong>benevo-</strong></span> 
     </span>
     <span class='ocr_line' id='line_1_19' title="bbox 218 1084 1557 1136; baseline 0 -12"><span class='ocrx_word' id='word_1_118' title='bbox 218 1086 340 1125; x_wconf 89' lang='lat' dir='ltr'><strong>lentia</strong></span> <span class='ocrx_word' id='word_1_119' title='bbox 359 1085 537 1124; x_wconf 88' lang='lat' dir='ltr'><strong>iudicum</strong></span> <span class='ocrx_word' id='word_1_120' title='bbox 558 1085 787 1136; x_wconf 88' lang='lat' dir='ltr'><strong>conligetur.</strong></span> <span class='ocrx_word' id='word_1_121' title='bbox 847 1085 1030 1124; x_wconf 88' lang='lat' dir='ltr'><strong>Narratio</strong></span> <span class='ocrx_word' id='word_1_122' title='bbox 1058 1093 1191 1125; x_wconf 90' lang='lat' dir='ltr'><strong>autem</strong></span> <span class='ocrx_word' id='word_1_123' title='bbox 1221 1085 1458 1125; x_wconf 83' lang='lat' dir='ltr'><strong>accusatoris</strong></span> <span class='ocrx_word' id='word_1_124' title='bbox 1485 1084 1557 1125; x_wconf 89' lang='lat' dir='ltr'><strong>erit</strong></span> 
     </span>
     <span class='ocr_line' id='line_1_20' title="bbox 219 1149 1615 1202; baseline -0.001 -12"><span class='ocrx_word' id='word_1_125' title='bbox 219 1151 332 1201; x_wconf 87' lang='lat' dir='ltr'><strong>quasi</strong></span> <span class='ocrx_word' id='word_1_126' title='bbox 355 1150 607 1190; x_wconf 90' lang='lat' dir='ltr'><strong>membratim</strong></span> <span class='ocrx_word' id='word_1_127' title='bbox 631 1150 730 1201; x_wconf 84' lang='lat' dir='ltr'><strong>gesti</strong></span> <span class='ocrx_word' id='word_1_128' title='bbox 761 1150 895 1202; x_wconf 87' lang='lat' dir='ltr'><strong>negoti</strong></span> <span class='ocrx_word' id='word_1_129' title='bbox 921 1150 1140 1201; x_wconf 88' lang='lat' dir='ltr'><strong>suspiciosa</strong></span> <span class='ocrx_word' id='word_1_130' title='bbox 1163 1150 1382 1202; x_wconf 88' lang='lat' dir='ltr'><strong>explicatio,</strong></span> <span class='ocrx_word' id='word_1_131' title='bbox 1414 1149 1556 1202; x_wconf 89' lang='lat' dir='ltr'><strong>sparsis</strong></span> <span class='ocrx_word' id='word_1_132' title='bbox 1578 1165 1615 1198; x_wconf 90' lang='lat'><strong>15</strong></span> 
     </span>
     <span class='ocr_line' id='line_1_21' title="bbox 218 1215 1558 1267; baseline -0.001 -11"><span class='ocrx_word' id='word_1_133' title='bbox 218 1216 405 1256; x_wconf 88' lang='lat' dir='ltr'><strong>omnibus</strong></span> <span class='ocrx_word' id='word_1_134' title='bbox 439 1216 689 1267; x_wconf 86' lang='lat' dir='ltr'><strong>argumentis,</strong></span> <span class='ocrx_word' id='word_1_135' title='bbox 722 1216 942 1255; x_wconf 89' lang='lat' dir='ltr'><strong>obscuratis</strong></span> <span class='ocrx_word' id='word_1_136' title='bbox 975 1216 1287 1255; x_wconf 88' lang='lat' dir='ltr'><strong>defensionibus.</strong></span> <span class='ocrx_word' id='word_1_137' title='bbox 1347 1215 1558 1255; x_wconf 88' lang='lat' dir='ltr'><strong>Defensori</strong></span> 
     </span>
     <span class='ocr_line' id='line_1_22' title="bbox 217 1280 1557 1332; baseline -0.001 -12"><span class='ocrx_word' id='word_1_138' title='bbox 217 1289 285 1320; x_wconf 90' lang='lat' dir='ltr'><strong>aut</strong></span> <span class='ocrx_word' id='word_1_139' title='bbox 304 1281 522 1332; x_wconf 89' lang='lat' dir='ltr'><strong>praeteritis</strong></span> <span class='ocrx_word' id='word_1_140' title='bbox 541 1289 609 1320; x_wconf 90' lang='lat' dir='ltr'><strong>aut</strong></span> <span class='ocrx_word' id='word_1_141' title='bbox 628 1281 847 1321; x_wconf 90' lang='lat' dir='ltr'><strong>obscuratis</strong></span> <span class='ocrx_word' id='word_1_142' title='bbox 867 1281 1139 1332; x_wconf 89' lang='lat' dir='ltr'><strong>suspicionum</strong></span> <span class='ocrx_word' id='word_1_143' title='bbox 1158 1280 1410 1332; x_wconf 87' lang='lat' dir='ltr'><strong>argumentis,</strong></span> <span class='ocrx_word' id='word_1_144' title='bbox 1427 1294 1557 1320; x_wconf 90' lang='lat' dir='ltr'><strong>rerum</strong></span> 
     </span>
     <span class='ocr_line' id='line_1_23' title="bbox 218 1345 1557 1398; baseline -0.001 -12"><span class='ocrx_word' id='word_1_145' title='bbox 218 1347 391 1398; x_wconf 89' lang='lat' dir='ltr'><strong>ipsarum</strong></span> <span class='ocrx_word' id='word_1_146' title='bbox 411 1354 575 1386; x_wconf 90' lang='lat' dir='ltr'><strong>eventus</strong></span> <span class='ocrx_word' id='word_1_147' title='bbox 596 1354 711 1386; x_wconf 90' lang='lat' dir='ltr'><strong>erunt</strong></span> <span class='ocrx_word' id='word_1_148' title='bbox 730 1360 924 1397; x_wconf 89' lang='lat' dir='ltr'><strong>casusque</strong></span> <span class='ocrx_word' id='word_1_149' title='bbox 950 1346 1146 1385; x_wconf 89' lang='lat' dir='ltr'><strong>narrandi.</strong></span> <span class='ocrx_word' id='word_1_150' title='bbox 1206 1348 1254 1385; x_wconf 94' lang='lat' dir='ltr'><strong>In</strong></span> <span class='ocrx_word' id='word_1_151' title='bbox 1274 1345 1557 1386; x_wconf 88' lang='lat' dir='ltr'><strong>confirmandis</strong></span> 
     </span>
     <span class='ocr_line' id='line_1_24' title="bbox 217 1411 1556 1462; baseline -0.001 -11"><span class='ocrx_word' id='word_1_152' title='bbox 217 1419 351 1452; x_wconf 89' lang='lat' dir='ltr'><strong>autem</strong></span> <span class='ocrx_word' id='word_1_153' title='bbox 382 1411 525 1451; x_wconf 88' lang='lat' dir='ltr'><strong>nostris</strong></span> <span class='ocrx_word' id='word_1_154' title='bbox 554 1411 963 1462; x_wconf 83' lang='lat' dir='ltr'><strong>argumentationibus</strong></span> <span class='ocrx_word' id='word_1_155' title='bbox 995 1411 1322 1462; x_wconf 88' lang='lat' dir='ltr'><strong>infirmandisque</strong></span> <span class='ocrx_word' id='word_1_156' title='bbox 1353 1411 1556 1451; x_wconf 86' lang='lat' dir='ltr'><strong>contrariis</strong></span> 
     </span>
     <span class='ocr_line' id='line_1_25' title="bbox 217 1476 1618 1528; baseline -0.001 -12"><span class='ocrx_word' id='word_1_157' title='bbox 217 1491 336 1528; x_wconf 84' lang='lat' dir='ltr'><strong>saepe</strong></span> <span class='ocrx_word' id='word_1_158' title='bbox 362 1485 476 1517; x_wconf 89' lang='lat' dir='ltr'><strong>erunt</strong></span> <span class='ocrx_word' id='word_1_159' title='bbox 496 1477 715 1516; x_wconf 88' lang='lat' dir='ltr'><strong>accusatori</strong></span> <span class='ocrx_word' id='word_1_160' title='bbox 737 1484 870 1516; x_wconf 92' lang='lat' dir='ltr'><strong>motus</strong></span> <span class='ocrx_word' id='word_1_161' title='bbox 892 1476 1116 1516; x_wconf 85' lang='lat' dir='ltr'><strong>animorum</strong></span> <span class='ocrx_word' id='word_1_162' title='bbox 1141 1476 1343 1524; x_wconf 89' lang='lat' dir='ltr'><strong>incitandi,</strong></span> <span class='ocrx_word' id='word_1_163' title='bbox 1365 1490 1433 1517; x_wconf 91' lang='lat' dir='ltr'><strong>reo</strong></span> <span class='ocrx_word' id='word_1_164' title='bbox 1457 1476 1557 1515; x_wconf 88' lang='lat' dir='ltr'><strong>miti·</strong></span> <span class='ocrx_word' id='word_1_165' title='bbox 1577 1492 1618 1514; x_wconf 89' lang='lat'><strong>20</strong></span> 
     </span>
     <span class='ocr_line' id='line_1_26' title="bbox 217 1541 1558 1594; baseline -0.001 -12"><span class='ocrx_word' id='word_1_166' title='bbox 217 1543 347 1594; x_wconf 87' lang='lat' dir='ltr'><strong>gandi.</strong></span> <span class='ocrx_word' id='word_1_167' title='bbox 406 1544 541 1594; x_wconf 92' lang='lat' dir='ltr'><strong>Atque</strong></span> <span class='ocrx_word' id='word_1_168' title='bbox 570 1544 647 1582; x_wconf 93' lang='lat' dir='ltr'><strong>hoc</strong></span> <span class='ocrx_word' id='word_1_169' title='bbox 674 1542 838 1593; x_wconf 92' lang='lat' dir='ltr'><strong>quidem</strong></span> <span class='ocrx_word' id='word_1_170' title='bbox 864 1542 1021 1593; x_wconf 91' lang='lat' dir='ltr'><strong>utrique</strong></span> <span class='ocrx_word' id='word_1_171' title='bbox 1048 1541 1217 1581; x_wconf 86' lang='lat' dir='ltr'><strong>maxime</strong></span> <span class='ocrx_word' id='word_1_172' title='bbox 1243 1541 1284 1580; x_wconf 92' lang='lat' dir='ltr'><strong>in</strong></span> <span class='ocrx_word' id='word_1_173' title='bbox 1308 1541 1558 1593; x_wconf 90' lang='lat' dir='ltr'><strong>peroratione</strong></span> 
     </span>
     <span class='ocr_line' id='line_1_27' title="bbox 217 1607 1559 1659; baseline -0.001 -11"><span class='ocrx_word' id='word_1_174' title='bbox 217 1609 446 1648; x_wconf 89' lang='lat' dir='ltr'><strong>faciendum</strong></span> <span class='ocrx_word' id='word_1_175' title='bbox 460 1623 471 1657; x_wconf 80' lang='lat'>3</span> <span class='ocrx_word' id='word_1_176' title='bbox 503 1607 615 1647; x_wconf 89' lang='lat' dir='ltr'><strong>alteri</strong></span> <span class='ocrx_word' id='word_1_177' title='bbox 643 1607 960 1658; x_wconf 87' lang='lat' dir='ltr'><strong>frequentatione</strong></span> <span class='ocrx_word' id='word_1_178' title='bbox 989 1615 1310 1659; x_wconf 88' lang='lat' dir='ltr'><strong>argumentorum</strong></span> <span class='ocrx_word' id='word_1_179' title='bbox 1340 1614 1379 1647; x_wconf 92' lang='lat' dir='ltr'><strong>et</strong></span> <span class='ocrx_word' id='word_1_180' title='bbox 1405 1620 1559 1647; x_wconf 86' lang='lat' dir='ltr'><strong>coacer-</strong></span> 
     </span>
     <span class='ocr_line' id='line_1_28' title="bbox 218 1672 1557 1724; baseline 0 -11"><span class='ocrx_word' id='word_1_181' title='bbox 218 1674 376 1714; x_wconf 90' lang='lat' dir='ltr'><strong>vatione</strong></span> <span class='ocrx_word' id='word_1_182' title='bbox 418 1673 600 1713; x_wconf 89' lang='lat' dir='ltr'><strong>universa</strong></span> <span class='ocrx_word' id='word_1_183' title='bbox 617 1688 628 1722; x_wconf 82' lang='lat'>;</span> <span class='ocrx_word' id='word_1_184' title='bbox 674 1672 795 1721; x_wconf 89' lang='lat' dir='ltr'><strong>alteri,</strong></span> <span class='ocrx_word' id='word_1_185' title='bbox 836 1672 869 1711; x_wconf 87' lang='lat' dir='ltr'><strong>si</strong></span> <span class='ocrx_word' id='word_1_186' title='bbox 915 1674 1032 1724; x_wconf 91' lang='lat' dir='ltr'><strong>plane</strong></span> <span class='ocrx_word' id='word_1_187' title='bbox 1079 1687 1240 1712; x_wconf 89' lang='lat' dir='ltr'><strong>causam</strong></span> <span class='ocrx_word' id='word_1_188' title='bbox 1282 1674 1557 1724; x_wconf 85' lang='lat' dir='ltr'><strong>redarguendo</strong></span> 
     </span>
     <span class='ocr_line' id='line_1_29' title="bbox 218 1738 1557 1791; baseline 0 -13"><span class='ocrx_word' id='word_1_189' title='bbox 218 1739 430 1791; x_wconf 89' lang='lat' dir='ltr'><strong>explicarit,</strong></span> <span class='ocrx_word' id='word_1_190' title='bbox 453 1738 762 1786; x_wconf 86' lang='lat' dir='ltr'><strong>enumeratione,</strong></span> <span class='ocrx_word' id='word_1_191' title='bbox 785 1745 828 1778; x_wconf 92' lang='lat' dir='ltr'><strong>ut</strong></span> <span class='ocrx_word' id='word_1_192' title='bbox 848 1738 1025 1789; x_wconf 92' lang='lat' dir='ltr'><strong>quidque</strong></span> <span class='ocrx_word' id='word_1_193' title='bbox 1049 1738 1217 1786; x_wconf 91' lang='lat' dir='ltr'><strong>diluerit,</strong></span> <span class='ocrx_word' id='word_1_194' title='bbox 1240 1746 1279 1778; x_wconf 91' lang='lat' dir='ltr'><strong>et</strong></span> <span class='ocrx_word' id='word_1_195' title='bbox 1305 1738 1557 1778; x_wconf 90' lang='lat' dir='ltr'><strong>miseratione</strong></span> 
     </span>
     <span class='ocr_line' id='line_1_30' title="bbox 219 1807 1616 1851; baseline -0.003 -7"><span class='ocrx_word' id='word_1_196' title='bbox 219 1807 270 1844; x_wconf 92' lang='lat' dir='ltr'><strong>ad</strong></span> <span class='ocrx_word' id='word_1_197' title='bbox 291 1813 520 1844; x_wconf 88' lang='lat' dir='ltr'><strong>extremum.</strong></span> <span class='ocrx_word' id='word_1_198' title='bbox 1577 1818 1616 1851; x_wconf 85' lang='lat'><strong>25</strong></span> 
     </span>
    </p>

    <p class='ocr_par' dir='ltr' id='par_1_7' title="bbox 217 1868 1620 2247">
     <span class='ocr_line' id='line_1_31' title="bbox 275 1868 1559 1920; baseline -0.001 -11"><span class='ocrx_word' id='word_1_199' title='bbox 275 1871 319 1910; x_wconf 90' lang='lat' dir='ltr'><strong>C.</strong></span> <span class='ocrx_word' id='word_1_200' title='bbox 343 1869 450 1909; x_wconf 87' lang='lat' dir='ltr'><strong>Scire</strong></span> <span class='ocrx_word' id='word_1_201' title='bbox 484 1869 582 1908; x_wconf 89' lang='lat' dir='ltr'><strong>mihi</strong></span> <span class='ocrx_word' id='word_1_202' title='bbox 611 1869 690 1908; x_wconf 88' lang='lat' dir='ltr'><strong>iam</strong></span> <span class='ocrx_word' id='word_1_203' title='bbox 724 1868 861 1908; x_wconf 89' lang='lat' dir='ltr'><strong>videor</strong></span> <span class='ocrx_word' id='word_1_204' title='bbox 894 1883 1014 1920; x_wconf 92' lang='lat' dir='ltr'><strong>quem</strong></span> <span class='ocrx_word' id='word_1_205' title='bbox 1047 1870 1099 1908; x_wconf 87' lang='lat' dir='ltr'><strong>ad</strong></span> <span class='ocrx_word' id='word_1_206' title='bbox 1131 1870 1297 1908; x_wconf 89' lang='lat' dir='ltr'><strong>modum</strong></span> <span class='ocrx_word' id='word_1_207' title='bbox 1331 1868 1559 1908; x_wconf 87' lang='lat' dir='ltr'><strong>coniectura</strong></span> 
     </span>
     <span class='ocr_line' id='line_1_32' title="bbox 218 1934 1560 1975; baseline -0.002 0"><span class='ocrx_word' id='word_1_208' title='bbox 218 1936 424 1975; x_wconf 89' lang='lat' dir='ltr'><strong>tractanda</strong></span> <span class='ocrx_word' id='word_1_209' title='bbox 457 1934 516 1974; x_wconf 88' lang='lat' dir='ltr'><strong>sit.</strong></span> <span class='ocrx_word' id='word_1_210' title='bbox 580 1936 701 1974; x_wconf 91' lang='lat' dir='ltr'><strong>Nunc</strong></span> <span class='ocrx_word' id='word_1_211' title='bbox 734 1935 785 1974; x_wconf 93' lang='lat' dir='ltr'><strong>de</strong></span> <span class='ocrx_word' id='word_1_212' title='bbox 819 1934 1052 1974; x_wconf 87' lang='lat' dir='ltr'><strong>definitione</strong></span> <span class='ocrx_word' id='word_1_213' title='bbox 1089 1934 1310 1974; x_wconf 86' lang='lat' dir='ltr'><strong>audiamus.</strong></span> <span class='ocrx_word' id='word_1_214' title='bbox 1369 1936 1411 1972; x_wconf 93' lang='lat' dir='ltr'><strong>P.</strong></span> <span class='ocrx_word' id='word_1_215' title='bbox 1441 1934 1560 1974; x_wconf 91' lang='lat' dir='ltr'><strong>Com-</strong></span> 
     </span>
     <span class='ocr_line' id='line_1_33' title="bbox 219 1998 1560 2050; baseline 0 -11"><span class='ocrx_word' id='word_1_216' title='bbox 219 2000 355 2040; x_wconf 89' lang='lat' dir='ltr'><strong>munia</strong></span> <span class='ocrx_word' id='word_1_217' title='bbox 383 2002 528 2040; x_wconf 90' lang='lat' dir='ltr'><strong>dantur</strong></span> <span class='ocrx_word' id='word_1_218' title='bbox 553 1999 595 2039; x_wconf 92' lang='lat' dir='ltr'><strong>in</strong></span> <span class='ocrx_word' id='word_1_219' title='bbox 623 1999 699 2039; x_wconf 91' lang='lat' dir='ltr'><strong>isto</strong></span> <span class='ocrx_word' id='word_1_220' title='bbox 728 2013 871 2050; x_wconf 87' lang='lat' dir='ltr'><strong>genere</strong></span> <span class='ocrx_word' id='word_1_221' title='bbox 899 1999 1119 2039; x_wconf 87' lang='lat' dir='ltr'><strong>accusatori</strong></span> <span class='ocrx_word' id='word_1_222' title='bbox 1148 1998 1427 2050; x_wconf 89' lang='lat' dir='ltr'><strong>defensorique</strong></span> <span class='ocrx_word' id='word_1_223' title='bbox 1452 2013 1560 2050; x_wconf 89' lang='lat' dir='ltr'><strong>prae-</strong></span> 
     </span>
     <span class='ocr_line' id='line_1_34' title="bbox 218 2063 1558 2118; baseline -0.001 -13"><span class='ocrx_word' id='word_1_224' title='bbox 218 2074 345 2118; x_wconf 89' lang='lat' dir='ltr'><strong>cepta.</strong></span> <span class='ocrx_word' id='word_1_225' title='bbox 403 2068 500 2105; x_wconf 87' lang='lat' dir='ltr'><strong>Vter</strong></span> <span class='ocrx_word' id='word_1_226' title='bbox 525 2065 632 2105; x_wconf 90' lang='lat' dir='ltr'><strong>enim</strong></span> <span class='ocrx_word' id='word_1_227' title='bbox 659 2065 890 2104; x_wconf 91' lang='lat' dir='ltr'><strong>definiendo</strong></span> <span class='ocrx_word' id='word_1_228' title='bbox 917 2065 1262 2115; x_wconf 89' lang='lat' dir='ltr'><strong>describendoque</strong></span> <span class='ocrx_word' id='word_1_229' title='bbox 1286 2065 1408 2104; x_wconf 92' lang='lat' dir='ltr'><strong>verbo</strong></span> <span class='ocrx_word' id='word_1_230' title='bbox 1434 2063 1558 2116; x_wconf 87' lang='lat' dir='ltr'><strong>magis</strong></span> 
     </span>
     <span class='ocr_line' id='line_1_35' title="bbox 217 2130 1620 2182; baseline -0.001 -11"><span class='ocrx_word' id='word_1_231' title='bbox 217 2134 269 2172; x_wconf 92' lang='lat' dir='ltr'><strong>ad</strong></span> <span class='ocrx_word' id='word_1_232' title='bbox 310 2145 471 2171; x_wconf 90' lang='lat' dir='ltr'><strong>sensum</strong></span> <span class='ocrx_word' id='word_1_233' title='bbox 511 2131 653 2170; x_wconf 91' lang='lat' dir='ltr'><strong>iudicis</strong></span> <span class='ocrx_word' id='word_1_234' title='bbox 694 2131 1007 2182; x_wconf 92' lang='lat' dir='ltr'><strong>opinionemque</strong></span> <span class='ocrx_word' id='word_1_235' title='bbox 1051 2130 1263 2182; x_wconf 91' lang='lat' dir='ltr'><strong>penetrarit</strong></span> <span class='ocrx_word' id='word_1_236' title='bbox 1304 2137 1343 2170; x_wconf 93' lang='lat' dir='ltr'><strong>et</strong></span> <span class='ocrx_word' id='word_1_237' title='bbox 1382 2137 1470 2170; x_wconf 88' lang='lat' dir='ltr'><strong>uter</strong></span> <span class='ocrx_word' id='word_1_238' title='bbox 1505 2131 1562 2170; x_wconf 28' lang='lat' dir='ltr'><strong>ad.</strong></span> <span class='ocrx_word' id='word_1_239' title='bbox 1577 2145 1620 2177; x_wconf 81' lang='lat'><strong>50</strong></span> 
     </span>
     <span class='ocr_line' id='line_1_36' title="bbox 219 2195 1560 2247; baseline -0.001 -11"><span class='ocrx_word' id='word_1_240' title='bbox 219 2210 477 2237; x_wconf 91' lang='lat' dir='ltr'><strong>communem</strong></span> <span class='ocrx_word' id='word_1_241' title='bbox 507 2196 618 2236; x_wconf 90' lang='lat' dir='ltr'><strong>verbi</strong></span> <span class='ocrx_word' id='word_1_242' title='bbox 648 2195 728 2235; x_wconf 92' lang='lat' dir='ltr'><strong>vim</strong></span> <span class='ocrx_word' id='word_1_243' title='bbox 762 2203 801 2235; x_wconf 90' lang='lat' dir='ltr'><strong>et</strong></span> <span class='ocrx_word' id='word_1_244' title='bbox 834 2197 1016 2244; x_wconf 88' lang='lat' dir='ltr'><strong>eandem,</strong></span> <span class='ocrx_word' id='word_1_245' title='bbox 1047 2209 1168 2247; x_wconf 89' lang='lat' dir='ltr'><strong>quam</strong></span> <span class='ocrx_word' id='word_1_246' title='bbox 1199 2195 1283 2235; x_wconf 89' lang='lat' dir='ltr'><strong>eius</strong></span> <span class='ocrx_word' id='word_1_247' title='bbox 1312 2195 1423 2235; x_wconf 89' lang='lat' dir='ltr'><strong>verbi</strong></span> <span class='ocrx_word' id='word_1_248' title='bbox 1451 2209 1560 2247; x_wconf 89' lang='lat' dir='ltr'><strong>prae-</strong></span> 
     </span>
    </p>

    <p class='ocr_par' dir='ltr' id='par_1_8' title="bbox 218 2288 1561 2418">
     <span class='ocr_line' id='line_1_37' title="bbox 261 2288 1558 2330; baseline 0.001 -10"><span class='ocrx_word' id='word_1_249' title='bbox 261 2299 280 2328; x_wconf 92' lang='lat'>4</span> <span class='ocrx_word' id='word_1_250' title='bbox 305 2289 334 2321; x_wconf 87' lang='lat' dir='ltr'><strong>si</strong></span> <span class='ocrx_word' id='word_1_251' title='bbox 350 2289 415 2320; x_wconf 84' lang='lat' dir='ltr'><strong>sibi</strong></span> <span class='ocrx_word' id='word_1_252' title='bbox 432 2288 520 2330; x_wconf 85' lang='lat' dir='ltr'><em>vulg.</em></span> <span class='ocrx_word' id='word_1_253' title='bbox 540 2300 548 2321; x_wconf 72' lang='grc' dir='ltr'><strong>ε</strong></span> <span class='ocrx_word' id='word_1_254' title='bbox 570 2290 600 2320; x_wconf 87' lang='lat' dir='ltr'><strong>si</strong></span> <span class='ocrx_word' id='word_1_255' title='bbox 611 2300 678 2321; x_wconf 88' lang='lat' dir='ltr'><strong>om.</strong></span> <span class='ocrx_word' id='word_1_256' title='bbox 696 2288 764 2321; x_wconf 90' lang='lat' dir='ltr'><strong>cod.</strong></span> <span class='ocrx_word' id='word_1_257' title='bbox 775 2289 806 2329; x_wconf 94' lang='lat' dir='ltr'><em>f</em></span> <span class='ocrx_word' id='word_1_258' title='bbox 843 2299 920 2321; x_wconf 87' lang='lat' dir='ltr'><strong>esse</strong></span> <span class='ocrx_word' id='word_1_259' title='bbox 936 2293 971 2320; x_wconf 89' lang='lat' dir='ltr'><strong>et</strong></span> <span class='ocrx_word' id='word_1_260' title='bbox 987 2289 1123 2330; x_wconf 83' lang='lat' dir='ltr'><strong>Sauppe</strong></span> <span class='ocrx_word' id='word_1_261' title='bbox 1139 2300 1146 2321; x_wconf 90' lang='lat'><strong>:</strong></span> <span class='ocrx_word' id='word_1_262' title='bbox 1169 2298 1246 2320; x_wconf 85' lang='lat' dir='ltr'><strong>esse</strong></span> <span class='ocrx_word' id='word_1_263' title='bbox 1263 2288 1315 2320; x_wconf 91' lang='lat' dir='ltr'><strong>P:</strong></span> <span class='ocrx_word' id='word_1_264' title='bbox 1340 2293 1457 2320; x_wconf 86' lang='lat' dir='ltr'><strong>essent</strong></span> <span class='ocrx_word' id='word_1_265' title='bbox 1465 2288 1558 2321; x_wconf 86' lang='lat' dir='ltr'><strong>codd.</strong></span> 
     </span>
     <span class='ocr_line' id='line_1_38' title="bbox 218 2332 1561 2374; baseline 0 -11"><span class='ocrx_word' id='word_1_266' title='bbox 218 2332 291 2363; x_wconf 84' lang='lat' dir='ltr'><strong>dett.</strong></span> <span class='ocrx_word' id='word_1_267' title='bbox 426 2344 444 2374; x_wconf 93' lang='lat'><strong>7</strong></span> <span class='ocrx_word' id='word_1_268' title='bbox 470 2344 514 2364; x_wconf 90' lang='lat' dir='ltr'><strong>ex</strong></span> <span class='ocrx_word' id='word_1_269' title='bbox 530 2343 596 2365; x_wconf 87' lang='lat' dir='ltr'><strong>om.</strong></span> <span class='ocrx_word' id='word_1_270' title='bbox 615 2333 649 2364; x_wconf 87' lang='lat' dir='ltr'><em>P</em></span> <span class='ocrx_word' id='word_1_271' title='bbox 756 2333 890 2365; x_wconf 79' lang='lat' dir='ltr'><strong>refellet</strong></span> <span class='ocrx_word' id='word_1_272' title='bbox 905 2334 995 2374; x_wconf 83' lang='lat' dir='ltr'><em>vulg.</em></span> <span class='ocrx_word' id='word_1_273' title='bbox 1010 2344 1018 2364; x_wconf 79' lang='lat' dir='ltr'><em>z</em></span> <span class='ocrx_word' id='word_1_274' title='bbox 1041 2333 1216 2364; x_wconf 83' lang='lat' dir='ltr'><strong>refelletur</strong></span> <span class='ocrx_word' id='word_1_275' title='bbox 1230 2333 1265 2364; x_wconf 86' lang='lat' dir='ltr'><em>P</em></span> <span class='ocrx_word' id='word_1_276' title='bbox 1379 2333 1420 2363; x_wconf 89' lang='lat'><strong>16</strong></span> <span class='ocrx_word' id='word_1_277' title='bbox 1444 2332 1561 2364; x_wconf 89' lang='lat' dir='ltr'><strong>defen-</strong></span> 
     </span>
     <span class='ocr_line' id='line_1_39' title="bbox 219 2375 1560 2418; baseline -0.001 -11"><span class='ocrx_word' id='word_1_278' title='bbox 219 2377 307 2407; x_wconf 87' lang='lat' dir='ltr'><strong>soris</strong></span> <span class='ocrx_word' id='word_1_279' title='bbox 324 2375 413 2407; x_wconf 90' lang='lat' dir='ltr'><strong>codd.</strong></span> <span class='ocrx_word' id='word_1_280' title='bbox 435 2376 506 2408; x_wconf 81' lang='lat' dir='ltr'><strong>dett.</strong></span> <span class='ocrx_word' id='word_1_281' title='bbox 647 2386 687 2416; x_wconf 94' lang='lat'><strong>19</strong></span> <span class='ocrx_word' id='word_1_282' title='bbox 712 2377 887 2408; x_wconf 85' lang='lat' dir='ltr'><strong>firmandis</strong></span> <span class='ocrx_word' id='word_1_283' title='bbox 903 2377 916 2407; x_wconf 90' lang='lat' dir='ltr'><strong>l</strong></span> <span class='ocrx_word' id='word_1_284' title='bbox 928 2388 935 2407; x_wconf 90' lang='lat'>:</span> <span class='ocrx_word' id='word_1_285' title='bbox 958 2376 1200 2408; x_wconf 87' lang='lat' dir='ltr'><strong>confirmandis</strong></span> <span class='ocrx_word' id='word_1_286' title='bbox 1215 2376 1305 2418; x_wconf 80' lang='lat' dir='ltr'><strong>vulg.</strong></span> <span class='ocrx_word' id='word_1_287' title='bbox 1447 2385 1497 2417; x_wconf 82' lang='lat'><strong>21,</strong></span> <span class='ocrx_word' id='word_1_288' title='bbox 1518 2385 1560 2407; x_wconf 81' lang='lat'><strong>22</strong></span> 
     </span>
    </p>
   </div>
   <div class='ocr_carea' id='block_1_7' title="bbox 219 2419 1561 2505">
    <p class='ocr_par' dir='ltr' id='par_1_9' title="bbox 219 2419 1561 2505">
     <span class='ocr_line' id='line_1_40' title="bbox 220 2419 1561 2460; baseline 0.001 -10"><span class='ocrx_word' id='word_1_289' title='bbox 220 2420 286 2450; x_wconf 91' lang='lat' dir='ltr'><strong>hoc</strong></span> <span class='ocrx_word' id='word_1_290' title='bbox 305 2442 311 2449; x_wconf 94' lang='lat'><strong>.</strong></span> <span class='ocrx_word' id='word_1_291' title='bbox 330 2442 337 2450; x_wconf 91' lang='lat'><strong>.</strong></span> <span class='ocrx_word' id='word_1_292' title='bbox 356 2443 364 2451; x_wconf 85' lang='lat'><strong>.</strong></span> <span class='ocrx_word' id='word_1_293' title='bbox 383 2420 573 2451; x_wconf 85' lang='lat' dir='ltr'><strong>faciendum</strong></span> <span class='ocrx_word' id='word_1_294' title='bbox 589 2419 644 2452; x_wconf 91' lang='lat' dir='ltr'><strong>P:</strong></span> <span class='ocrx_word' id='word_1_295' title='bbox 667 2421 752 2452; x_wconf 92' lang='lat' dir='ltr'><strong>haec</strong></span> <span class='ocrx_word' id='word_1_296' title='bbox 770 2444 777 2452; x_wconf 91' lang='lat'><strong>.</strong></span> <span class='ocrx_word' id='word_1_297' title='bbox 801 2445 808 2453; x_wconf 95' lang='lat'><strong>.</strong></span> <span class='ocrx_word' id='word_1_298' title='bbox 826 2445 834 2453; x_wconf 92' lang='lat'><strong>.</strong></span> <span class='ocrx_word' id='word_1_299' title='bbox 862 2420 1019 2452; x_wconf 82' lang='lat' dir='ltr'><strong>facienda</strong></span> <span class='ocrx_word' id='word_1_300' title='bbox 1034 2419 1127 2452; x_wconf 90' lang='lat' dir='ltr'><strong>codd.</strong></span> <span class='ocrx_word' id='word_1_301' title='bbox 1147 2420 1219 2451; x_wconf 82' lang='lat' dir='ltr'><strong>dett.</strong></span> <span class='ocrx_word' id='word_1_302' title='bbox 1302 2429 1340 2460; x_wconf 86' lang='lat'><strong>31</strong></span> <span class='ocrx_word' id='word_1_303' title='bbox 1365 2424 1399 2451; x_wconf 90' lang='lat' dir='ltr'><strong>et</strong></span> <span class='ocrx_word' id='word_1_304' title='bbox 1416 2419 1561 2451; x_wconf 87' lang='lat' dir='ltr'><strong>eandem</strong></span> 
     </span>
     <span class='ocr_line' id='line_1_41' title="bbox 219 2463 1283 2505; baseline 0.001 -11"><span class='ocrx_word' id='word_1_305' title='bbox 219 2472 319 2502; x_wconf 85' lang='lat' dir='ltr'><strong>quam</strong></span> <span class='ocrx_word' id='word_1_306' title='bbox 337 2463 411 2494; x_wconf 85' lang='lat' dir='ltr'><strong>eius</strong></span> <span class='ocrx_word' id='word_1_307' title='bbox 426 2464 521 2494; x_wconf 83' lang='lat' dir='ltr'><strong>verbi</strong></span> <span class='ocrx_word' id='word_1_308' title='bbox 539 2473 589 2504; x_wconf 88' lang='lat' dir='ltr'><strong>pr.</strong></span> <span class='ocrx_word' id='word_1_309' title='bbox 607 2464 771 2495; x_wconf 76' lang='lat' dir='ltr'><strong>Friedrich</strong></span> <span class='ocrx_word' id='word_1_310' title='bbox 789 2477 796 2496; x_wconf 90' lang='lat'><strong>:</strong></span> <span class='ocrx_word' id='word_1_311' title='bbox 821 2469 856 2496; x_wconf 90' lang='lat' dir='ltr'><strong>et</strong></span> <span class='ocrx_word' id='word_1_312' title='bbox 871 2465 914 2496; x_wconf 91' lang='lat' dir='ltr'><strong>ad</strong></span> <span class='ocrx_word' id='word_1_313' title='bbox 931 2475 1006 2496; x_wconf 89' lang='lat' dir='ltr'><strong>eam</strong></span> <span class='ocrx_word' id='word_1_314' title='bbox 1023 2475 1054 2504; x_wconf 91' lang='lat' dir='ltr'><strong>p.</strong></span> <span class='ocrx_word' id='word_1_315' title='bbox 1076 2474 1175 2505; x_wconf 90' lang='lat' dir='ltr'><strong>quam</strong></span> <span class='ocrx_word' id='word_1_316' title='bbox 1192 2463 1283 2505; x_wconf 84' lang='lat' dir='ltr'><strong>vulg.</strong></span> 
     </span>
    </p>
   </div>
   <div class='ocr_carea' id='block_1_8' title="bbox 1673 0 1696 457">
    <p class='ocr_par' dir='ltr' id='par_1_10' title="bbox 1673 0 1696 457">
     <span class='ocr_line' id='line_1_42' title="bbox 1673 0 1696 457; baseline 0 2273"><span class='ocrx_word' id='word_1_317' title='bbox 1673 0 1696 457; x_wconf 95' lang='lat' dir='ltr'><strong> </strong></span> 
     </span>
    </p>
   </div>
   <div class='ocr_carea' id='block_1_9' title="bbox 1685 682 1696 1292">
    <p class='ocr_par' dir='ltr' id='par_1_11' title="bbox 1685 682 1696 1292">
     <span class='ocr_line' id='line_1_43' title="bbox 1686 682 1696 778; baseline 0 -80"><span class='ocrx_word' id='word_1_318' title='bbox 1686 682 1696 778; x_wconf 58' lang='grc' dir='ltr'><strong>,Ξ</strong></span> 
     </span>
     <span class='ocr_line' id='line_1_44' title="bbox 1685 784 1696 959; baseline 0 -162"><span class='ocrx_word' id='word_1_319' title='bbox 1685 784 1696 959; x_wconf 55' lang='grc' dir='ltr'><strong>ἰ,</strong></span> 
     </span>
     <span class='ocr_line' id='line_1_45' title="bbox 1685 1211 1696 1292; baseline 0 -1"><span class='ocrx_word' id='word_1_320' title='bbox 1685 1211 1696 1292; x_wconf 72' lang='lat' dir='ltr'><strong>j}</strong></span> 
     </span>
    </p>
   </div>
  </div>
 </body>
</html>
