1696 2730
151 160 202 199 23
223 160 264 197 '1'9
566 149 623 187 M.
654 149 825 187 TVLLI
853 148 1163 189 CICERONIS

217 259 369 299 virtutis
399 274 542 312 genere
576 260 751 300 distincti
768 275 779 310 3
820 274 843 300 a
876 260 1021 312 quibus
1051 267 1095 299 ut
1133 273 1316 311 quaeque
1353 273 1414 300 res
1450 266 1560 311 gesta

156 333 197 364 80
215 333 284 375 est,
307 326 361 365 ita
381 326 430 365 sit
450 327 618 366 honesta
644 340 807 366 necesse
833 334 892 366 est
918 339 1154 377 summeque
1179 324 1399 365 laudabilis.
1458 326 1559 365 Sunt

152 924 191 956 81

150 1644 189 1675 82

214 400 348 431 autem
377 391 443 431 alii
471 392 635 443 quidam
670 390 785 445 [fieti]
813 392 937 440 animi
964 391 1124 431 habitus
1152 392 1204 431 ad
1232 390 1416 430 virtutem
1445 390 1558 442 quasi

215 457 405 508 praeculti
434 465 473 496 et
501 457 721 508 praeparati
749 457 864 497 rectis
898 457 1037 496 studiis
1067 464 1106 496 et
1138 455 1301 505 artibus,
1330 463 1373 495 ut
1403 455 1444 494 in
1477 455 1558 496 suis

215 525 333 563 rebus
377 524 507 563 studia
544 524 775 572 litterarum,
812 531 855 563 ut
893 537 1148 563 numerorum
1187 536 1234 562 ac
1272 535 1473 570 sonorum,
1514 528 1558 562 ut
1577 535 1594 569 5

216 603 435 638 mensurae,
453 597 496 628 ut
516 589 705 639 siderum,
717 597 760 629 ut
781 603 986 640 equorum,
1002 597 1045 628 ut
1064 588 1247 637 venandi,
1270 595 1313 627 ut
1332 601 1532 627 armorum
1547 601 1557 636 3

214 654 255 693 in
284 654 566 694 communibus
586 654 844 706 propensiora
863 654 994 694 studia
1019 654 1060 693 in
1086 653 1221 705 aliquo
1243 667 1386 705 genere
1405 652 1557 692 virtutis

213 720 425 772 praecipue
444 721 616 759 colendo
635 728 703 759 aut
722 719 866 759 divinis
887 720 1003 759 rebus
1023 719 1285 759 deserviendo
1304 726 1372 758 aut
1390 717 1559 769 parenti-

215 787 289 825 bus
308 786 446 825 amicis
466 786 690 837 hospitibus
719 786 931 837 praecipue
958 793 1079 836 atque
1105 784 1309 836 insigniter
1333 783 1555 835 diligendis.

213 854 348 902 Atque
369 853 468 891 haec
487 852 651 902 quidem
670 851 871 890 virtutum.
931 851 1129 890 Vitiorum
1149 858 1283 890 autem
1304 857 1396 890 sunt
1414 863 1558 901 genera
1578 862 1617 887 10

214 917 418 956 contraria.
492 918 704 957 Cernenda
732 923 865 956 autem
897 923 989 955 sunt
1019 916 1236 967 diligenter,
1259 929 1311 955 ne
1340 916 1477 954 fallant
1510 928 1558 955 ea

213 996 286 1022 nos
318 983 411 1022 vitia
444 996 547 1033 quae
583 982 767 1021 virtutem
805 982 990 1021 videntur
1026 981 1180 1021 imitari.
1249 982 1354 1021 Nam
1393 988 1433 1020 et
1469 994 1557 1032 pru-

213 1048 389 1088 dentiam
411 1048 560 1087 malitia
579 1055 618 1088 et
638 1047 940 1099 temperantiam
970 1047 1196 1086 immanitas
1222 1046 1263 1085 in
1286 1046 1556 1098 voluptatibus

211 1113 470 1164 aspernandis
499 1121 539 1153 et
567 1113 882 1164 magnitudinem
911 1112 1034 1152 animi
1062 1111 1246 1164 superbia
1273 1111 1315 1151 in
1347 1111 1465 1151 nimis
1495 1124 1557 1151 ex-

213 1179 399 1219 tollendis
437 1187 476 1219 et
514 1179 774 1230 despicientia
811 1178 853 1218 in
900 1178 1206 1218 contemnendis
1250 1177 1469 1217 honoribus
1515 1183 1556 1216 et
1577 1190 1615 1224 15

213 1244 488 1284 liberalitatem
535 1244 676 1284 effusio
714 1252 753 1284 et
790 1243 1063 1284 fortitudinem
1100 1243 1268 1283 audacia
1305 1242 1480 1282 imitatur
1515 1249 1555 1282 et

212 1310 442 1361 patientiam
464 1310 607 1350 duritia
636 1309 820 1350 immanis
846 1318 885 1349 et
911 1309 1099 1348 iustitiam
1128 1308 1321 1348 acerbitas
1347 1315 1387 1348 et
1405 1307 1555 1359 religio-

211 1389 304 1415 nem
325 1376 550 1427 superstitio
571 1383 609 1415 et
628 1375 831 1415 lenitatem
861 1375 1027 1415 mollitia
1054 1374 1176 1414 animi
1206 1381 1245 1414 et
1273 1374 1553 1414 verecundiam

211 1441 401 1481 timiditas
421 1449 461 1481 et
485 1442 591 1480 illam
621 1440 852 1492 disputandi
877 1440 1128 1492 prudentiam
1156 1439 1399 1479 concertatio
1424 1446 1554 1490 capta<

211 1506 347 1557 tioque
375 1508 584 1546 verborum
615 1504 687 1560 [et]
717 1508 821 1545 hane
849 1505 1058 1545 oratoriam
1088 1505 1168 1544 vim
1197 1504 1325 1543 inanis
1354 1505 1551 1555 quaedam
1572 1518 1615 1542 πο

210 1572 448 1623 profluentia
466 1572 668 1623 loquendi.
728 1571 877 1611 Studiis
905 1579 1038 1610 autem
1067 1571 1185 1610 bonis
1205 1569 1348 1609 similia
1369 1569 1555 1609 videntur

211 1651 257 1677 ea
291 1652 393 1689 quae
431 1646 523 1677 sunt
559 1638 600 1677 in
639 1639 782 1677 eodem
821 1651 964 1689 genere
1002 1636 1135 1676 nimia.
1206 1637 1339 1686 Quam
1378 1635 1431 1675 ob
1469 1648 1551 1675 rem

210 1703 340 1743 omnis
360 1703 418 1743 vis
441 1703 632 1743 laudandi
661 1711 699 1742 et
725 1702 975 1753 vituperandi
1001 1716 1049 1743 ex
1074 1701 1135 1741 his
1161 1708 1338 1740 sumetur
1362 1699 1551 1741 virtutum

209 1769 474 1820 vitiorumque
502 1768 680 1820 partibus
694 1783 705 1817 3
734 1769 804 1807 sed
828 1767 869 1806 in
895 1775 981 1807 toto
1007 1766 1119 1818 quasi
1144 1773 1333 1806 contextu
1361 1764 1550 1805 orationis

208 1835 307 1874 haec
336 1842 451 1873 erunt
479 1834 724 1873 inlustranda
751 1832 933 1880 maxime,
955 1846 1075 1883 quem
1104 1833 1155 1871 ad
1185 1832 1350 1870 modum
1381 1830 1550 1881 quisque
1567 1844 1609 1882 35

207 1907 427 1950 generatus,
461 1913 581 1950 quem
611 1901 663 1939 ad
701 1901 867 1939 modum
905 1899 1107 1946 educatus,
1140 1910 1261 1948 quem
1297 1897 1350 1936 ad
1383 1896 1549 1935 modum

208 1965 409 2004 institutus
441 1972 696 2016 moratusque
728 1964 868 2013 fuerit;
907 1971 946 2003 et
979 1963 1011 2002 si
1045 1962 1142 2014 quid
1171 1962 1235 2001 cui
1266 1974 1453 2013 magnum
1482 1967 1550 2000 aut

208 2030 440 2070 incredibile
477 2030 665 2070 acciderit
704 2029 955 2080 maximeque
986 2028 1017 2068 si
1055 2028 1096 2067 id
1134 2026 1324 2067 divinitus
1356 2025 1549 2066 accidisse

207 2096 379 2146 potuerit
407 2096 531 2135 videri
546 2111 556 2145 3
585 2103 669 2135 tum
699 2109 802 2146 quae
830 2095 999 2146 quisque
1027 2092 1192 2133 senserit
1219 2091 1360 2132 dixerit
1386 2090 1549 2142 gesserit

207 2162 258 2200 ad
292 2175 339 2200 ea
372 2175 474 2212 quae
508 2161 711 2212 proposita
744 2168 836 2200 sunt
866 2159 1055 2199 virtutum
1093 2171 1239 2210 genera
1270 2157 1549 2197 accommoda·
1566 2170 1608 2203 30

207 2227 367 2276 buntur,
388 2240 434 2266 ex
454 2226 610 2278 illisque
629 2225 859 2266 inveniendi
886 2224 984 2264 locis
1010 2237 1152 2264 causae
1175 2236 1304 2263 rerum
1324 2230 1364 2262 et
1383 2228 1550 2268 eventus

207 2299 245 2330 et
290 2291 577 2342 consequentia
618 2290 874 2342 requirentur.
954 2291 1098 2340 Neque
1134 2301 1228 2328 vero
1265 2300 1371 2327 mors
1408 2299 1546 2326 eorum

251 2404 271 2434 3
303 2395 371 2425 ficti
398 2394 450 2426 P:
484 2395 630 2435 perfecti
657 2395 772 2436 vulga
806 2394 867 2426 del.
898 2392 1091 2425 Lambinus
1225 2401 1263 2431 14
1287 2391 1390 2423 nimis
1423 2389 1544 2423 Orelli:

207 2439 328 2470 animis
345 2438 434 2470 codd.
573 2448 611 2479 17
637 2438 792 2470 immanis
809 2438 897 2480 vulg.
913 2449 920 2471 ε
945 2437 1057 2469 inanis
1072 2436 1107 2471 P
1235 2446 1280 2467 20
1302 2440 1336 2467 et
1352 2445 1419 2467 om.
1433 2434 1469 2466 P
