1696 2730
671 122 891 161 BRVTVS
1393 117 1446 156 88
1465 132 1528 165 303

119 238 329 279 verborum
359 237 569 288 splendore
597 236 765 286 elegans,
787 231 1078 284 compositione
1106 237 1234 282 aptus,
1261 231 1447 269 facultate

119 305 304 356 copiosus
318 318 330 352 3
357 290 483 354 eaque
497 308 580 341 erat
597 314 690 340 cum
710 312 867 339 summo
886 297 1046 349 ingenio
1062 304 1147 335 tum
1166 295 1448 335 exercitationi-

119 371 195 410 bus
214 368 394 408 maximis
413 374 662 407 consecutus.
728 367 831 404 Rem
851 362 1190 414 complectebatur
1209 360 1447 408 memoriter,

120 435 323 475 dividebat
359 441 484 481 acute,
516 446 591 472 nec
618 430 954 483 praetermittebat
982 430 1062 468 fere
1093 427 1308 479 quicquam
1337 428 1447 478 quod

83 514 100 547 5
120 508 222 540 esset
251 500 292 538 in
321 512 441 539 causa
469 506 537 537 aut
565 499 618 536 ad
650 496 968 536 confirmandum
997 501 1065 533 aut
1093 495 1144 533 ad
1173 493 1445 532 refellendum.

119 567 209 604 Vox
245 577 391 604 canora
427 571 466 603 et
503 562 643 610 suavis,
683 569 815 601 motus
853 568 892 600 et
921 567 1054 610 gestus
1085 559 1204 599 etiam
1235 560 1324 609 plus
1354 557 1446 596 artis

118 630 292 669 habebat
322 642 442 680 quarn
473 635 555 667 erat
588 626 731 667 oratori
761 626 866 665 satis.
940 627 1034 664 Hoc
1065 624 1181 675 igitur
1213 625 1446 662 florescente

120 696 284 736 Crassus
304 702 363 734 est
383 701 572 741 mortuus,
595 694 714 733 Cotta
730 693 888 743 pulsus,
907 690 1054 730 iudicia
1078 688 1300 728 intermissa
1325 689 1442 735 bello,
1464 722 1487 760 8

119 774 192 800 nos
229 760 270 799 in
300 762 429 800 forum
460 758 652 799 venimus.
710 759 805 796 Erat
835 755 1075 796 Hortensius
1108 755 1148 794 in
1180 755 1286 794 bello
1316 754 1445 805 primo
1466 733 1531 824 334

63 843 102 866 10
119 840 226 866 anno
264 825 388 874 miles,
427 827 550 864 altero
589 823 770 863 tribunus
811 821 992 870 militum,
1033 820 1230 872 Sulpicius
1271 821 1447 870 legatus3

117 892 253 931 aberat
281 891 399 931 etiam
431 892 488 929 M.
510 889 709 929 Antonius
723 903 733 937 3
762 888 1016 927 exercebatur
1041 900 1121 926 una
1143 888 1229 937 lege
1254 885 1447 925 iudicium

117 957 247 1005 Varia,
288 956 427 996 ceteris
464 963 624 1007 propter
666 954 816 994 bellum
858 952 1089 992 intermissis
1104 967 1114 1000 ;
1160 952 1225 991 cui
1262 953 1446 1001 frequens

116 1023 291 1071 aderam,
317 1033 559 1072 quamquam
589 1032 660 1070 pro
689 1032 731 1058 se
759 1018 834 1069 ipsi
862 1017 1050 1057 dicebant
1079 1023 1251 1056 oratores
1280 1029 1363 1055 non
1391 1015 1447 1054 illi

117 1087 280 1139 quidem
310 1086 517 1138 principes,
550 1087 595 1124 L.
618 1084 835 1124 Memmius
865 1091 904 1123 et
933 1084 982 1133 Q.
1012 1082 1240 1133 Pompeius,
1266 1083 1337 1120 sed
1366 1094 1447 1120 ora-

62 1167 100 1200 ¹5
117 1161 221 1193 tores
241 1161 375 1192 tamen
391 1159 490 1191 teste
505 1151 653 1190 diserto
667 1149 806 1200 utique
822 1148 1020 1199 Philippo,
1033 1148 1145 1187 cuius
1161 1147 1201 1186 in
1217 1146 1447 1186 testimonio

117 1218 320 1258 contentio
340 1225 379 1257 et
398 1217 478 1255 vim
497 1215 736 1255 accusatoris
757 1215 930 1254 habebat
950 1221 988 1253 et
1008 1213 1177 1264 copiam.

172 1283 332 1334 Reliqui
352 1282 420 1334 qui
439 1290 523 1321 tum
544 1281 740 1333 principes
761 1280 1070 1319 numerabantur
1088 1278 1129 1317 in
1156 1277 1446 1329 magistratibus
1466 1283 1530 1316 305

117 1356 226 1388 erant
252 1348 495 1398 cottidieque
524 1349 604 1386 fere
629 1360 653 1385 a
681 1345 798 1385 nobis
826 1345 866 1384 in
891 1343 1145 1384 contionibus
1161 1343 1442 1382 audiebantur.

118 1416 212 1454 Erat
249 1414 355 1454 enim
394 1413 574 1453 tribunus
611 1411 739 1463 plebis
777 1418 862 1450 tum
896 1411 941 1451 C.
975 1410 1108 1458 Curio,
1141 1421 1384 1460 quamquam
1414 1407 1446 1446 is

26 1531 28 1535 ,
59 1495 102 1520 πο
118 1480 281 1531 quidem
307 1480 458 1527 silebat,
480 1487 523 1518 ut
547 1486 628 1518 erat
654 1478 777 1518 semel
796 1491 820 1516 a
839 1476 1027 1516 contione
1053 1474 1236 1514 universa
1263 1474 1446 1522 relictus;

34 1538 35 1541 ¹
118 1547 168 1596 Q.
193 1547 380 1585 Metellus
409 1546 525 1585 Celer
553 1558 634 1584 non
654 1544 719 1583 ille
748 1543 911 1594 quidem
940 1549 1082 1590 orator,
1104 1542 1175 1580 sed
1203 1547 1337 1579 tamen
1364 1553 1446 1578 non

117 1611 245 1650 infans
259 1625 271 1659 3
298 1610 432 1649 diserti
460 1617 594 1649 autem
624 1610 673 1658 Q.
695 1607 838 1647 Varius
867 1608 913 1648 C.
937 1607 1068 1647 Carbo
1089 1607 1162 1646 Cn.
1187 1604 1444 1654 Pomponius,

117 1684 156 1716 et
175 1676 217 1714 hi
240 1675 402 1726 quidem
428 1674 662 1714 habitabant
686 1673 728 1712 in
753 1672 911 1720 rostris;
941 1673 986 1712 C.
1008 1671 1126 1710 etiam
1157 1669 1282 1709 Iulius
1308 1669 1446 1708 aedilis

117 1740 262 1780 curulis
282 1740 444 1780 cottidie
473 1741 552 1779 fere
577 1746 779 1778 accuratas
803 1737 1010 1777 contiones
1036 1736 1220 1775 habebat.
1279 1736 1359 1774 Sed
1382 1748 1447 1774 me

60 1827 100 1860 ²5
117 1806 419 1857 cupidissimum
448 1804 638 1845 audiendi
666 1804 815 1855 primus
844 1804 959 1842 dolor
981 1800 1183 1853 percussit,
1206 1801 1326 1841 Cotta
1354 1813 1446 1839 curn

117 1880 175 1912 est
195 1873 390 1923 expulsus.
450 1870 643 1921 Reliquos
663 1871 887 1919 frequenter
905 1867 1071 1906 audiens
1097 1865 1288 1905 acerrimo
1313 1865 1446 1904 studio

115 1938 279 1978 tenebar
311 1936 555 1987 cottidieque
585 1943 624 1975 et
654 1934 830 1974 scribens
863 1940 902 1972 et
930 1934 1064 1983 legens
1098 1938 1137 1971 et
1169 1938 1446 1970 commentans

116 2003 293 2043 oratoriis
313 2010 467 2042 tantum
483 1999 828 2041 exercitationibus
849 2005 1059 2038 contentus
1080 2010 1162 2036 non
1181 2009 1300 2036 eram.
1359 1997 1446 2034 Iam

115 2075 385 2119 consequente
410 2080 517 2107 anno
538 2067 587 2116 Q.
609 2065 752 2104 Varius
771 2078 842 2104 sua
864 2066 949 2115 lege
975 2065 1185 2103 damnatus
1205 2069 1447 2110 excesserat;

56 2151 99 2184 30
116 2147 190 2185 ego
226 2142 359 2173 autem
393 2135 435 2173 in
466 2132 558 2172 iuris
589 2130 712 2171 civilis
746 2129 879 2170 studio
916 2130 1085 2168 multum
1123 2140 1266 2178 operae
1300 2126 1446 2166 dabam
1467 2128 1531 2171 306

163 2247 199 2269 11
226 2238 351 2278 aberat,
369 2237 486 2268 aberat
504 2234 627 2267 maluit
644 2233 733 2265 Wex.
828 2232 871 2264 M.
889 2232 958 2264 secl.
975 2230 1108 2262 Ellendt
1206 2239 1245 2260 12
1270 2229 1323 2260 cui
1340 2229 1447 2272 vulg:

116 2282 172 2322 qui
190 2280 220 2312 L
377 2291 417 2320 13
440 2289 644 2321 quamquam
661 2277 691 2308 L
706 2288 714 2309 ι
737 2286 812 2308 cum
828 2276 918 2317 vulg.
935 2286 942 2307 ε
967 2285 1102 2316 quoque
1118 2273 1260 2315 Madvig
1407 2283 1446 2315 15

115 2326 232 2365 utique
254 2324 371 2363 Jahn:
404 2329 548 2364 uterque
576 2323 627 2354 L:
661 2327 798 2353 utentes
822 2324 965 2359 uterque
990 2318 1182 2350 Buttmann
1291 2317 1326 2348 in
1351 2319 1447 2349 testi-

116 2369 230 2400 monio
244 2369 313 2400 secl.
336 2367 489 2399 Weidner
625 2376 666 2405 24
690 2369 865 2397 accuratas
881 2374 946 2394 om.
966 2361 1081 2394 BHM
1223 2362 1265 2393 28
1289 2362 1446 2393 oratoriis

118 2411 302 2444 Corradus:
323 2412 473 2445 oratoris
488 2410 518 2442 L
629 2414 759 2441 tantum
775 2408 804 2439 L
820 2419 828 2439 ι
851 2412 966 2440 tamen
982 2405 1150 2438 Corradus
1344 2415 1388 2446 30
1412 2406 1446 2437 in

114 2455 192 2488 add.
209 2455 251 2486 M
250 2455 334 2487 aller
