1696 2730
667 120 906 160 ORATOR
1409 129 1462 168 24
1480 128 1518 161 81

129 233 258 274 verbis
283 231 354 273 erit
372 232 502 272 audax
521 239 560 271 et
579 230 620 270 in
639 230 917 270 transferendis
937 231 1184 270 verecundus
1204 238 1244 270 et
1262 244 1403 282 parcus
1424 239 1463 271 et

129 299 171 339 in
189 298 326 350 priscis
344 299 385 337 t'n
405 296 644 348 reliquisque
663 295 905 335 ornamentis
920 303 959 335 et
970 296 1181 335 verborum
1201 303 1241 336 et
1255 297 1464 336 sententia-

128 378 216 404 rum
241 362 450 403 demissior
462 377 474 411 5
513 376 556 401 ea
586 360 841 401 translatione
869 362 1034 400 fortasse
1072 361 1254 409 crebrior,
1283 375 1362 412 qua
1394 363 1465 401 fre-

129 428 386 480 quentissime
411 440 540 467 sermo
566 426 696 466 omnis
718 426 841 465 utitur
865 440 947 465 non
971 427 1094 466 modo
1116 427 1369 475 urbanorum,
1393 428 1464 467 sed

91 508 110 540 5
128 494 247 534 etiam
266 492 501 532 rusticorum
517 507 525 531 :
553 491 586 531 si
605 491 768 542 quidem
789 498 848 530 est
867 504 1004 530 eorum
1024 505 1223 542 gemmare
1242 491 1343 540 vitis,
1358 491 1464 531 sitire

127 572 252 610 agros,
274 559 395 597 laetas
415 571 502 596 esse
521 564 683 607 segetes,
706 555 904 595 luxuriosa
923 557 1130 596 frumenta.
1190 556 1301 596 Nihil
1321 559 1463 596 horum
1482 564 1523 596 82

127 637 266 676 pamm
292 624 490 670 audacter,
511 622 583 660 sed
608 628 676 659 aut
701 620 828 660 simile
855 629 914 660 est
940 620 995 659 illi
1022 622 1130 660 unde
1156 623 1375 670 transferas,
1397 630 1465 661 aut

128 689 161 729 si
180 702 240 728 res
264 702 380 727 suum
406 688 560 726 nullum
585 686 706 725 habet
726 699 886 734 nomen,
908 686 1082 725 docendi
1102 700 1221 726 causa
1247 696 1462 738 sumptum,

128 768 211 794 non
235 753 402 793 ludendi
420 752 586 792 videtur.
645 753 740 790 Hoc
766 760 1000 791 ornamento
1024 751 1184 791 liberius
1204 754 1324 803 paulo
1344 766 1464 803 quam

74 837 110 859 10
130 819 268 859 ceteris
291 827 423 858 utetur
441 817 507 857 hic
529 816 774 864 summissus,
796 830 870 855 nec
896 824 976 855 tam
1004 816 1167 856 licenter
1190 825 1324 857 tamen
1344 831 1465 869 quam

129 885 161 924 si
193 898 336 936 genere
366 883 527 923 dicendi
558 890 732 922 uteretur
761 881 1007 933 amplissimo
1021 897 1032 931 5
1068 882 1202 934 itaque
1231 883 1330 923 illud
1358 883 1466 923 inde·
1483 889 1534 927 25

128 964 277 999 corum,
300 951 411 1002 quod
430 950 546 1001 quale
570 948 619 989 sit
639 962 687 988 ex
705 949 852 988 decoro
873 948 994 987 debet
1012 947 1198 999 intellegi,
1219 948 1285 987 hic
1304 962 1466 1000 quoque

128 1023 301 1067 apparet,
332 1029 423 1054 cum
458 1013 623 1053 verbum
660 1013 823 1064 aliquod
859 1012 975 1052 altius
1009 1014 1237 1052 transfertur
1269 1013 1391 1064 idque
1424 1013 1465 1052 in

130 1080 308 1120 oratione
333 1079 473 1118 humili
499 1078 659 1129 ponitur
681 1079 792 1128 quod
820 1077 927 1116 idem
954 1077 995 1116 in
1020 1078 1096 1117 alia
1121 1079 1290 1118 deceret.
1349 1080 1464 1118 Illam
1483 1089 1525 1128 83

73 1161 111 1194 15
129 1154 263 1185 autem
296 1144 620 1192 concinnitatem,
647 1157 750 1194 quae
778 1143 987 1182 verborum
1022 1143 1340 1183 conlocationem
1369 1143 1467 1183 inlu-

130 1210 256 1250 minat
277 1210 333 1250 eis
362 1200 578 1249 luminibus
607 1222 710 1259 quae
737 1208 878 1248 Graeci
904 1208 1017 1259 quasi
1044 1208 1198 1259 aliquos
1223 1217 1356 1260 gestus
1385 1222 1467 1248 ora-

129 1275 247 1315 tionis
276 1277 456 1328 σχήματα
484 1275 695 1325 appellant,
719 1274 829 1324 quod
857 1273 964 1312 idem
991 1275 1155 1313 verbum
1184 1275 1235 1313 ab
1265 1274 1320 1313 eis
1347 1274 1465 1313 etiarn

129 1340 170 1380 in
197 1340 481 1380 sententiarum
510 1346 744 1379 ornamenta
766 1340 1005 1387 transfertur,
1027 1339 1192 1378 adhibet
1210 1338 1276 1378 hic
1302 1339 1465 1390 quidem

130 1406 294 1455 subtilis,
331 1420 451 1457 quern
490 1404 566 1444 nisi
603 1405 713 1455 quod
751 1405 880 1443 solum
918 1404 1121 1455 ceteroqui
1157 1412 1263 1444 recte
1302 1404 1466 1455 quidam

8 1480 32 1515 ς’
74 1490 114 1515 20
130 1479 275 1511 vocant
289 1471 480 1519 Atticum,
497 1471 568 1510 sed
587 1471 708 1521 paulo
727 1469 882 1520 parcius
896 1483 908 1518 ς
935 1483 1029 1508 nam
1055 1469 1112 1508 sic
1135 1477 1178 1508 ut
1197 1469 1238 1508 in
1258 1471 1464 1520 epularum

30 1526 33 1537 ³
127 1546 318 1589 apparatu
337 1552 362 1576 a
382 1534 675 1587 magnificentia
693 1535 883 1574 recedens
903 1548 986 1574 non
1005 1549 1047 1574 se
1062 1549 1225 1586 parcum
1245 1537 1374 1574 solum
1395 1537 1466 1575 sed

130 1603 248 1642 etiarn
279 1604 500 1653 elegantem
526 1600 651 1640 videri
673 1602 790 1647 volet,
816 1606 854 1638 et
877 1600 994 1651 eliget
1017 1600 1162 1651 quibus
1188 1608 1320 1639 utatur
1333 1615 1344 1649 ς
1366 1609 1466 1640 ‚sunt
1483 1608 1526 1650 84

129 1668 238 1707 enim
270 1669 458 1718 pleraque
494 1674 587 1717 apta
620 1665 737 1704 huius
768 1665 891 1716 ipsius
922 1665 1086 1705 oratoris
1117 1666 1168 1705 de
1206 1679 1287 1716 quo
1324 1667 1467 1716 loquor

130 1732 404 1784 parsimoniae.
474 1733 580 1771 Nam
612 1730 680 1770 illa
716 1731 767 1770 de
804 1730 949 1781 quibus
982 1738 1075 1770 ante
1108 1730 1189 1770 dixi
1218 1730 1312 1769 huic
1348 1739 1467 1770 acuto

0 1844 2 1850 ,
73 1814 111 1847 ²5
130 1798 317 1849 fugienda
350 1804 465 1837 sunt:
505 1795 614 1847 paria
645 1795 805 1846 paribus
838 1797 960 1835 relata
996 1803 1036 1835 et
1068 1795 1246 1835 similiter
1279 1797 1468 1835 conclusa

0 1851 2 1906 ἓ
129 1864 353 1914 eodemque
393 1870 511 1914 pacto
549 1860 734 1900 cadentia
772 1868 811 1900 et
848 1860 1125 1900 immutatione
1163 1860 1315 1900 litterae
1354 1865 1467 1912 quasi

0 1920 2 1932 ⁸
132 1928 333 1979 quaesitae
360 1934 596 1974 venustates,
621 1939 672 1965 ne
698 1926 899 1965 elaborata
923 1926 1172 1965 concinnitas
1198 1933 1238 1965 et
1260 1927 1465 1977 quoddam

129 1993 343 2045 aucupium
374 1991 649 2033 delectationis
688 1990 897 2031 manifesto
931 1992 1223 2043 deprehensum
1254 1999 1441 2042 appareat
1455 2006 1465 2040 3

177 2107 198 2128 2
218 2099 253 2129 in
270 2096 478 2138 reliquisque
494 2094 582 2127 Rerd
595 2107 602 2127 :
626 2104 748 2135 parcus
771 2093 805 2125 in
833 2094 954 2135 priscis
977 2093 1048 2127 edd.
1065 2093 1210 2135 plurimi
1446 2105 1466 2134 3

130 2154 172 2176 ea
187 2140 263 2173 add.
282 2140 468 2181 Heerdegen
697 2147 716 2178 5
740 2138 836 2169 sitire
851 2137 886 2169 F
885 2139 895 2155 ²
911 2148 988 2169 cum
1005 2138 1119 2178 Quint.
1138 2138 1206 2170 viii.
1223 2139 1255 2170 6.
1274 2139 1296 2169 6
1310 2141 1340 2168 et
1354 2137 1442 2170 Non.
1459 2151 1467 2170 :

131 2187 219 2220 scire
246 2182 416 2216 F¹O¹P12
447 2182 605 2215 lascivire
630 2179 765 2213 M0²P⁹
782 2181 808 2213 d
975 2191 1014 2221 14
1037 2182 1102 2213 alia
1117 2180 1172 2213 L:
1196 2181 1265 2213 alta
1289 2182 1468 2214 Manutius

134 2231 174 2263 18
197 2228 336 2262 adhibet
352 2226 405 2258 L:
429 2226 602 2258 adhibebit
618 2226 712 2257 Bake
830 2225 885 2256 hic
909 2225 1047 2265 quidem
1071 2225 1160 2266 vulg.
1178 2237 1186 2257 ε
1208 2225 1344 2265 quidem
1363 2224 1418 2257 hic
1435 2226 1465 2257 L

135 2284 176 2314 19
199 2272 372 2312 ceteroqui
387 2270 595 2311 Heerdegen:
619 2269 817 2310 ceteroquin
834 2267 923 2301 codd.
942 2268 1013 2300 dett.
1030 2279 1038 2299 :
1060 2274 1245 2309 ceteroque
1259 2267 1290 2299 L
1423 2279 1466 2300 20

133 2319 220 2349 sicut
235 2316 324 2357 vulg.
341 2326 348 2347 ε
372 2315 401 2346 si
416 2319 453 2345 ut
469 2313 500 2345 L
685 2322 724 2344 21
751 2323 771 2344 a
787 2312 863 2344 add.
880 2311 970 2344 codd.
985 2311 1060 2345 dett.
1244 2322 1287 2343 22
1310 2317 1345 2344 et
1360 2312 1466 2353 eliget

133 2361 225 2393 Bake
241 2371 249 2392 ι
270 2360 374 2398 eliget
389 2357 440 2389 L:
465 2357 638 2398 eligetque
654 2356 843 2388 Lambinus
973 2365 1016 2395 23
1038 2361 1118 2396 apta
1134 2354 1341 2387 Lambinus:
1365 2361 1465 2397 aptae

134 2403 164 2436 L
296 2403 341 2434 26
363 2402 458 2443 quasi
474 2401 542 2433 secl.
561 2401 751 2432 Lambinus
766 2411 773 2432 :
792 2403 867 2442 post
882 2400 1050 2441 quoddam
1068 2399 1238 2432 transtulit
1251 2400 1376 2433 Schu‘tz
