1696 2730
445 136 828 177 PARTITIONES
866 135 1204 176 ORATORrAE
1440 143 1495 182 39
1517 145 1576 181 1³7

163 250 367 304 pertineat,
381 250 491 300 quod
502 261 626 299 genus
639 249 758 299 paulo
772 254 865 287 ante
879 246 1090 298 attigimus,
1105 244 1177 285 erit
1195 244 1346 284 eisdem
1366 244 1497 295 aequi-

165 315 254 356 tatis
282 313 486 355 sententiis
512 321 649 353 contra
673 312 929 352 acerbitatem
948 312 1158 351 verborum
1185 310 1492 361 deprecandum.

166 381 235 421 Sin
255 379 398 431 scripta
417 379 518 418 inter
537 391 622 418 sese
642 377 887 425 dissentient,
909 385 1018 416 tanta
1044 375 1162 415 series
1187 374 1279 414 artis
1303 382 1362 414 est
1381 382 1420 414 et
1440 374 1495 414 sic

165 445 266 486 inter
294 459 336 484 se
364 451 455 483 sunt
473 445 660 495 pleraque
686 457 838 482 conexa
862 450 901 481 et
929 450 1031 492 apta,
1054 449 1107 489 ut,
1130 454 1231 492 quae
1258 441 1378 491 paulo
1403 447 1495 479 ante

127 528 146 561 5
164 518 374 562 praecepta
392 508 575 549 dedimus
603 508 779 559 ambigui
805 521 986 558 quaeque
1011 507 1188 558 proxime
1216 505 1434 546 sententiae
1458 513 1496 545 et

165 575 310 627 scripti,
337 576 478 614 eadem
507 575 558 613 ad
586 575 664 613 hoc
691 587 816 625 genus
845 587 986 612 causae
1015 572 1173 612 tertium
1202 573 1492 611 transferantur.

166 642 272 680 Nam
292 639 436 691 quibus
456 640 553 679 locis
579 639 620 677 in
649 633 837 690 ambiguo
857 637 1109 677 defendimus
1135 651 1223 676 eam
1249 636 1497 687 significatio·
1516 635 1579 675 138

165 719 258 746 nem
284 719 386 756 quae
414 718 488 744 nos
513 704 684 752 adiuvat,
707 704 859 744 eisdem
886 703 926 742 in
952 702 1155 742 contrariis
1181 701 1332 753 legibus
1363 709 1498 740 nostra

165 773 228 811 lex
260 771 515 810 defendenda
547 777 616 809 est.
681 769 839 808 Deinde
877 776 936 808 est
969 767 1232 815 efficiendum,
1264 774 1307 806 ut
1340 766 1497 805 alterius

110 851 148 874 10
165 835 300 887 scripti
337 835 572 875 sententiam
610 834 768 874 alterius
801 835 921 874 verba
958 829 1231 873 defendamus.
1296 833 1359 871 Ita
1396 845 1498 882 quae

166 902 289 940 modo
327 902 378 940 de
415 900 562 951 scripto
604 899 879 951 sententiaque
916 898 1200 951 praecepimus,
1240 898 1381 937 eadem
1419 897 1498 935 huc

0 970 34 1023 ἧς
165 965 301 1007 omnia
328 966 616 1004 transferemus.
1513 992 1572 1031 40

3 1019 31 1042 ἴθι
221 1030 434 1082 Expositae
472 1030 544 1070 tibi
582 1044 722 1070 omnes
762 1037 853 1069 sunt
890 1029 1082 1069 oratoriae
1119 1027 1360 1080 partitiones,
1397 1040 1498 1078 quae
1520 1053 1580 1087 ¹39

167 1095 329 1147 quidem
358 1109 380 1135 e
410 1095 542 1135 media
571 1095 638 1134 illa
666 1103 800 1135 nostra
827 1094 1047 1134 Academia
1074 1094 1339 1141 effloruerunt,
1367 1105 1498 1143 neque

111 1173 149 1207 15
167 1161 252 1200 sine
272 1175 318 1200 ea
343 1169 410 1200 aut
430 1160 595 1200 inveniri
614 1168 682 1199 aut
702 1159 875 1211 intellegi
894 1167 962 1198 aut
981 1158 1135 1198 tractari
1155 1165 1332 1209 possunt.
1391 1158 1497 1196 Nam

167 1234 206 1266 et
228 1225 361 1277 partiri
386 1225 516 1276 ipsum
545 1233 584 1265 et
607 1225 771 1265 definire
800 1232 839 1265 et
863 1223 1038 1275 ambigui
1064 1223 1294 1275 partitiones
1322 1221 1498 1261 dividere

0 1292 37 1327 ὲ
167 1298 206 1331 et
238 1298 558 1342 argumentorum
591 1292 700 1330 locos
733 1303 851 1330 nosse
888 1297 927 1328 et
956 1288 1337 1340 argumentationem
1371 1287 1496 1338 ipsam

2 1317 38 1446 ξ

167 1357 405 1396 concludere
434 1363 473 1395 et
495 1355 628 1394 videre
654 1369 756 1406 quae
786 1356 981 1394 sumenda
1008 1353 1049 1393 in
1078 1353 1392 1404 argumentando
1422 1351 1500 1391 sint

169 1421 345 1472 quidque
371 1435 418 1460 ex
437 1420 493 1460 eis
523 1434 624 1471 quae
650 1428 808 1471 sumpta
834 1427 925 1459 sunt
953 1418 1142 1459 efficiatur
1161 1426 1201 1458 et
1219 1431 1310 1457 vera
1337 1431 1361 1456 a
1379 1417 1499 1466 falsis,

41 1479 45 1496 ⁵
109 1503 152 1528 ιο
168 1485 249 1526 veri
272 1485 413 1525 similia
432 1486 483 1525 ab
502 1485 800 1524 incredibilibus
820 1484 1037 1524 diiudicare
1057 1491 1095 1523 et
1114 1482 1354 1534 distinguere
1374 1490 1412 1522 et
1432 1489 1499 1521 aut

169 1553 272 1591 male
298 1559 455 1602 sumpta
479 1558 547 1590 aut
566 1552 669 1590 male
698 1552 886 1590 conclusa
911 1550 1199 1602 reprehendere
1219 1556 1258 1588 et
1277 1549 1418 1588 eadem
1438 1549 1500 1586 vel

7 1633 37 1676 ἐξ
167 1624 332 1668 anguste
361 1616 564 1664 disserere,
586 1623 630 1654 ut
659 1615 854 1655 dialectici
879 1614 948 1666 qui
975 1615 1233 1665 appellantur,
1255 1614 1327 1660 vel,
1350 1620 1394 1651 ut
1420 1625 1501 1652 ora-

169 1689 293 1720 torem
315 1683 441 1729 decet,
462 1682 539 1720 late
559 1694 799 1732 expromere,
817 1680 920 1718 illius
940 1678 1228 1719 exercitationis
1249 1685 1287 1718 et
1307 1677 1502 1716 subtiliter

163 1743 400 1795 'disputandi
437 1751 477 1783 et
513 1743 674 1794 copiose
712 1742 873 1782 dicendi
902 1741 995 1781 artis
1027 1749 1097 1782 est.
1159 1743 1222 1780 De
1260 1740 1376 1780 bonis
1408 1753 1501 1779 vero
1522 1750 1588 1784 140

114 1820 155 1854 25
171 1809 288 1848 rebus
317 1816 354 1848 et
384 1808 507 1855 malis,
534 1807 671 1859 aequis
704 1807 860 1858 iniquis,
888 1806 1050 1846 utilibus
1082 1805 1297 1853 inutilibus,
1325 1804 1502 1844 honestis

170 1874 350 1925 turpibus
379 1887 498 1924 quam
528 1881 658 1924 potest
686 1873 832 1912 habere
865 1879 995 1911 orator
1023 1871 1107 1911 sine
1139 1871 1214 1910 illis
1243 1871 1502 1909 maximarum

169 1953 296 1979 rerum
317 1939 465 1979 artibus
486 1940 711 1978 facultatem
732 1946 800 1977 aut
816 1937 972 1989 copiam
987 1939 1004 1976 Ρ
1048 1938 1139 1987 Qua
1154 1950 1194 1976 re
1208 1938 1307 1975 haec
1323 1935 1395 1974 tibi
1410 1935 1498 1983 sint,

170 2004 224 2044 mi
243 2004 396 2053 Cicero,
418 2018 520 2055 quae
544 2003 718 2055 exposui,
741 2002 853 2054 quasi
873 2002 1019 2042 indicia
1045 2002 1214 2042 fontium
1241 2001 1421 2050 illorum3
1450 2002 1502 2040 ad

170 2083 270 2120 quos
290 2069 322 2108 si
341 2069 458 2108 nobis
477 2069 628 2108 eisdem
649 2068 818 2108 ducibus
834 2067 967 2107 aliisve
986 2066 1220 2118 perveneris,
1238 2074 1323 2105 tum
1344 2073 1383 2105 et
1402 2067 1511 2105 haee,

111 2146 153 2179 30
169 2133 255 2185 ipsa
281 2134 421 2173 melius
448 2141 487 2174 et
514 2135 640 2173 multo
667 2133 816 2173 maiora
840 2132 916 2172 alia
941 2145 1168 2184 cognosces.
1228 2133 1273 2172 C.
1298 2133 1384 2181 Ego
1409 2143 1502 2175 vero

169 2211 215 2238 ae
242 2213 386 2250 magno
412 2199 575 2251 quidem
603 2198 749 2247 studio,
769 2198 823 2237 mi
848 2205 969 2250 pater,
991 2197 1206 2248 multisque
1232 2211 1279 2236 ex
1298 2196 1375 2236 tuis
1395 2209 1503 2248 prae-

169 2263 391 2303 clarissimis
411 2263 640 2304 muneribus
660 2265 812 2303 nullum
834 2262 960 2302 maius
980 2270 1177 2314 exspecto.

39 2021 41 2023 .
16 1927 37 2010 ⁴*
6 1757 49 1922 Qss31.÷v·sg3=j·2=
16 1738 35 1746 3·
24 1664 38 1689 ε-

634 2377 677 2409 29
701 2366 799 2399 nobis
814 2367 926 2410 vulga
948 2366 1001 2398 his
1016 2366 1050 2398 P

17 2275 41 2319 {⁹²

0 2323 2 2325 ,
13 2325 45 2365 *³3

0 2368 38 2411 tf‘}

0 2414 4 2441 s
15 2413 37 2451 ’ἓξ

27 2461 39 2482 .”

0 2562 54 2730 ἐ
