1630 2730
124 170 174 209 53
199 176 260 210 197
534 140 593 201 M.
623 163 794 201 TVLLI
826 162 1137 203 CICERONIS

195 274 424 315 hereditatis
451 274 651 315 effecisse:
680 275 758 315 hoc
783 274 849 315 ille
878 274 1002 323 initio,
1025 274 1249 314 consecutis
1275 274 1409 314 multis
1435 273 1534 314 eius-

196 341 288 381 dem
321 339 474 392 generis
508 339 724 388 sententiis,
753 340 964 380 delectavit
991 339 1227 391 animosque
1255 339 1436 379 omnium
1465 339 1534 391 qui

195 407 359 446 aderant
378 405 419 444 in
443 405 680 445 hilaritatem
700 419 723 444 a
743 405 949 445 severitate
975 405 1146 444 traduxit
1159 420 1170 454 3
1199 407 1309 456 quod
1329 413 1389 445 est
1408 419 1533 444 unum

196 486 243 512 ex
269 472 393 511 tribus
424 485 526 522 quae
555 471 636 511 dixi
661 472 713 510 ab
739 479 893 511 orator'e
920 471 1022 511 effici
1051 471 1208 511 debere.
1268 470 1428 511 Deinde
1455 471 1534 510 hoc

195 537 366 577 voluisse
385 550 488 584 eum,
504 536 573 587 qui
593 544 875 576 testamentum
895 536 1063 585 fecisset,
1080 538 1158 576 hoc
1173 536 1354 585 sensisse,
1369 549 1534 587 quoquo
1553 554 1570 586 5

196 604 319 642 modo
339 603 442 641 filius
462 616 544 642 non
564 610 678 651 esset,
701 602 770 653 qui
789 602 829 641 in
850 616 962 641 suam
983 603 1147 642 tutelam
1166 602 1328 651 veniret,
1350 601 1432 641 sive
1451 615 1534 641 non

196 676 311 707 natus
332 668 413 707 sive
432 676 525 707 ante
546 676 736 716 mortuuS,
760 667 903 709 Curius
930 669 1043 707 heres
1067 675 1110 707 ut
1133 675 1238 707 esset
1251 682 1262 717 ς
1289 667 1345 707 ita
1363 667 1535 708 scribere

194 735 405 785 plerosque
431 741 470 773 et
496 733 538 773 id
563 735 692 773 valere
718 741 757 773 et
780 733 949 773 valuisse
975 747 1141 785 semper.
1202 735 1318 772 Haec
1344 741 1383 773 et
1409 735 1534 773 multa

194 799 278 839 eius
298 799 409 839 modi
429 799 566 839 dicens
586 801 707 839 fidem
726 799 897 839 faciebat
910 813 921 848 ,·
950 801 1060 850 quod
1079 807 1138 839 est
1158 813 1205 838 ex
1224 799 1348 839 tribus
1368 799 1533 839 oratoris

114 874 174 915 198
194 865 332 905 officiis
369 867 547 905 alterum.
613 865 772 905 Deinde
808 878 982 916 aequum
1020 865 1173 904 bonum
1204 872 1531 904 testamentorum
1550 879 1593 903 10

121 1834 173 1872 54

112 1896 173 1928 ¹99

195 931 410 971 sententias
436 933 741 981 voluntatesque
764 938 912 969 tutatus
939 938 1021 970 est:
1052 938 1201 981 quanta
1219 938 1323 970 esset
1341 930 1383 969 in
1401 930 1532 971 verbis

194 996 326 1048 captio
353 1011 445 1036 curn
472 996 513 1035 in
537 996 676 1036 ceteris
699 997 817 1036 rebus
843 1003 929 1035 tum
955 996 997 1035 in
1023 996 1280 1044 testamentis,
1303 996 1335 1036 si
1355 998 1533 1048 neglege-

194 1070 328 1101 rentur
350 1063 599 1111 voluntates;
628 1069 819 1112 quantam
849 1061 924 1101 sibi
953 1061 1173 1113 potentiam
1200 1063 1391 1102 Scaevola
1417 1063 1533 1102 adsuq

194 1135 328 1176 meret,
352 1127 384 1166 si
414 1141 535 1167 nemo
561 1129 726 1167 auderet
752 1135 1034 1167 testamentum
1060 1129 1188 1167 facere
1214 1135 1354 1179 postea
1378 1127 1455 1167 nisi
1480 1129 1532 1168 de

193 1193 296 1233 illius
312 1193 518 1233 sententia.
566 1195 682 1232 Haec
695 1207 787 1232 cum
802 1193 969 1244 graviter
984 1201 1068 1232 turn
1083 1194 1135 1233 ab
1151 1193 1341 1245 exemplis
1356 1193 1529 1245 copiose,
1554 1212 1566 1236 1
1574 1214 1592 1246 5

193 1266 277 1297 turn
297 1259 414 1307 varie,
436 1266 521 1298 tum
542 1258 661 1298 etiam
688 1258 853 1299 ridicule
873 1266 912 1298 et
931 1260 1059 1299 facete
1079 1258 1280 1310 explicans
1301 1273 1389 1298 eam
1408 1259 1532 1299 adrni-

192 1324 386 1364 rationem
406 1324 768 1375 adsensionemque
788 1324 1016 1372 commovit,
1031 1324 1176 1364 dixisse
1191 1332 1234 1364 ut
1255 1332 1392 1364 contra
1411 1339 1532 1366 nemo

192 1390 414 1439 videretur3
442 1392 576 1430 —hoc
610 1397 692 1430 erat
721 1389 885 1429 oratoris
914 1389 1089 1429 officium
1118 1389 1330 1441 partitione
1358 1390 1529 1441 tertium,

191 1470 335 1508 genere
364 1455 593 1495 maximum.
653 1455 736 1495 Hic
754 1455 820 1494 ille
840 1456 891 1495 de
910 1457 1061 1506 populo
1084 1455 1216 1505 iudex,
1231 1455 1300 1506 qui
1320 1456 1531 1507 separatim

190 1524 358 1562 alterum
384 1521 600 1561 admiratus
626 1529 741 1570 esset,
761 1521 870 1561 idern
895 1521 1033 1560 audito
1052 1523 1175 1560 altero
1195 1521 1386 1561 iudicium
1413 1536 1529 1562 suum
1551 1541 1592 1563 20

192 1595 465 1627 contemneret
479 1602 489 1636 3
518 1595 557 1626 at
576 1601 670 1626 vero
689 1587 922 1637 intellegens
946 1594 984 1626 et
1010 1588 1153 1626 doctus
1178 1586 1345 1627 audiens
1365 1589 1531 1628 Scaevo-

191 1655 270 1692 lam
291 1653 453 1693 sentiret
473 1667 559 1692 esse
572 1654 777 1704 quoddam
794 1652 954 1692 uberius
970 1652 1131 1692 dicendi
1146 1666 1271 1704 genus
1287 1660 1326 1692 et
1341 1653 1528 1694 ornatius.

192 1719 257 1758 Ab
277 1726 447 1770 utroque
466 1726 599 1758 autem
627 1732 746 1757 causa
771 1726 952 1770 perorata
977 1718 1009 1757 si
1029 1725 1291 1769 quaereretur,
1313 1726 1400 1758 uter
1424 1733 1532 1771 prae-

192 1791 310 1823 staret
331 1791 475 1832 orator,
487 1797 707 1835 numquam
728 1785 908 1835 profecto
928 1783 1116 1835 sapientis
1136 1783 1328 1823 iudicium
1343 1798 1367 1823 a
1381 1784 1531 1824 iudicio

192 1850 298 1900 vulgi
318 1849 569 1901 discreparet.
629 1849 711 1899 Qui
731 1857 902 1900 praestat
923 1849 1039 1900 igitur
1059 1849 1291 1901 intellegens
1317 1849 1530 1901 imperito?
1551 1868 1590 1900 ²5

193 1917 342 1966 Magna
365 1929 406 1954 re
433 1923 471 1954 et
495 1914 645 1954 difficili
659 1929 669 1964 ;
699 1915 731 1954 si
757 1915 921 1966 quidem
949 1929 1137 1966 magnum
1164 1922 1223 1954 est
1252 1915 1362 1964 scire,
1384 1915 1529 1967 quibus

191 1982 308 2020 rebus
333 1980 523 2020 efficiatur
541 1980 792 2020 amittaturve
812 1980 986 2020 dicendo
1005 1980 1103 2020 illud
1123 1980 1321 2032 quidquid
1341 1989 1400 2021 est
1420 1983 1530 2034 quod

191 2053 259 2084 aut
279 2046 380 2085 effici
400 2045 574 2085 dicendo
595 2053 750 2097 oportet
776 2054 844 2086 aut
867 2046 995 2086 amitti
1024 2061 1106 2086 non
1126 2054 1293 2097 oportet.
1353 2049 1530 2088 Praestat

192 2110 310 2150 etiarn
332 2111 399 2150 illo
419 2113 562 2150 doctus
582 2111 739 2150 auditor
758 2111 937 2160 indocto,
957 2113 1067 2163 quod
1091 2125 1220 2163 saepe,
1243 2125 1335 2151 cum
1356 2120 1529 2154 oratores

192 2178 273 2216 duo
288 2185 356 2215 aut
376 2178 507 2228 plures
527 2177 665 2228 populi
686 2177 835 2217 iudicio
851 2178 1078 2229 probantur,
1094 2179 1204 2229 quod
1224 2177 1385 2218 dicendi
1404 2192 1529 2229 genus
1550 2196 1590 2227 30

236 2290 251 2310 1
277 2281 342 2312 hoc
366 2281 400 2312 in
423 2281 481 2312 illo
500 2281 598 2312 initio
617 2287 822 2313 consecutus
840 2280 870 2312 L
889 2282 1096 2321 (consecutis
1111 2281 1199 2313 codd.
1219 2280 1297 2321 det.)
1315 2293 1323 2313 :
1344 2281 1450 2314 hocce
1471 2282 1530 2314 ille

191 2324 296 2364 initio,
317 2326 508 2357 consecutis
523 2324 666 2366 Stangl:
690 2326 755 2356 hoc
779 2325 835 2356 ille
860 2326 957 2357 initio
974 2348 982 2357 .
1000 2349 1007 2357 .
1029 2349 1036 2357 .
1057 2324 1291 2368 animos[que]
1309 2348 1316 2356 .
1335 2348 1344 2357 .
1362 2350 1370 2358 .
1385 2327 1531 2359 aderant

192 2373 226 2399 et
245 2368 384 2409 Madvig
533 2371 554 2400 6
577 2369 711 2400 veniret
730 2369 777 2401 C:
799 2370 950 2401 venisset
964 2369 1079 2400 BHM
1211 2379 1249 2409 15
1274 2375 1344 2401 tum
1361 2370 1403 2401 ab
1419 2370 1530 2411 vulg.:

192 2422 267 2443 cum
284 2413 326 2443 ab
342 2411 371 2442 L
508 2416 548 2443 16
572 2414 680 2444 facete
696 2413 785 2455 vulg.
805 2424 812 2445 ε
837 2414 935 2445 facile
951 2413 980 2444 L
1113 2423 1154 2453 27
1180 2414 1322 2445 dicendo
1339 2414 1408 2445 secl.
1426 2413 1530 2454 Kraf-

181 2456 252 2495 sert
