1696 2730
207 129 294 170 520
614 122 671 159 M.
711 121 883 159 TVLLI
923 119 1232 161 CICERONIS

190 247 232 270 20
304 233 398 272 Tria
436 240 528 272 sunt
566 232 733 272 omnino
770 246 915 284 genera
953 231 1126 280 dicendi,
1162 231 1308 282 quibus
1346 230 1387 270 in
1425 230 1588 282 singulis

250 299 414 350 quidam
457 300 684 346 floruerunt,
724 311 924 349 peraeque
965 305 1111 345 autem,
1151 296 1193 336 id
1238 298 1348 348 quod
1391 298 1586 344 volumus,

249 363 438 415 perpauci
466 363 507 402 in
536 363 734 403 omnibus.
794 364 900 402 Nam
930 369 969 402 et
997 361 1259 413 grandiloqui,
1288 369 1331 400 ut
1359 360 1414 401 ita
1442 360 1585 408 dicam,

249 431 407 469 fuerunt
436 443 529 469 cum
557 430 690 480 ampla
719 436 758 468 et
787 427 1072 467 sententiarum
1100 426 1289 478 gravitate
1318 434 1357 465 et
1383 426 1588 466 maiestate

249 496 472 543 verborum,
487 496 744 534 vehementes
763 493 870 541 varii,
888 492 1041 544 copiosi
1059 506 1206 543 graves,
1224 493 1276 532 ad
1295 493 1588 543 permovendos
1608 503 1626 536 5

250 568 289 600 et
327 561 617 600 convertendos
655 559 810 598 animos
849 557 1029 597 instructi
1060 565 1099 597 et
1132 556 1424 609 parati—quod
1457 556 1587 608 ipsum

249 626 315 665 alii
334 639 472 677 aspera
492 625 591 664 tristi
617 624 775 664 horrida
796 623 974 663 oratione
1000 636 1131 673 neque
1158 624 1332 674 perfecta
1357 629 1477 673 atque
1497 635 1589 661 con-

249 693 359 731 clusa
386 692 717 741 consequebantur,
740 689 806 729 alii
831 689 907 729 levi
937 696 975 728 et
1004 695 1151 727 structa
1179 695 1219 727 et
1247 687 1519 736 terminata—‚
1548 694 1588 727 et

249 765 388 796 contra
420 764 560 796 tenues
593 755 714 804 acuti,
747 755 882 795 omnia
916 756 1107 794 docentes
1145 761 1184 792 et
1222 752 1469 801 dilucidiora,
1504 766 1587 792 non

248 822 441 873 ampliora
460 821 660 869 facientes,
679 820 814 860 subtili
834 821 1008 871 quadam
1028 826 1067 858 et
1087 832 1221 869 pressa
1240 818 1419 857 oratione
1438 817 1563 857 limati
1577 833 1588 867 ;
1609 830 1649 853 10

201 890 230 927 6
249 887 290 925 in
321 888 547 937 eodemque
580 900 723 937 genere
756 885 820 924 alii
852 884 996 932 callidi,
1028 885 1099 923 sed
1132 883 1303 934 impoliti
1333 891 1372 923 et
1402 884 1586 923 consulto

248 952 407 991 rudium
446 952 593 991 similes
632 958 671 990 et
709 949 996 1001 imperitorum,
1028 949 1094 988 alii
1125 948 1166 987 in
1204 949 1345 988 eadem
1384 948 1587 988 ieiunitate

248 1017 540 1066 concinniores,
559 1017 601 1056 id
627 1024 686 1056 est
712 1015 840 1064 faceti,
862 1017 1047 1055 florentes
1075 1014 1193 1054 etiam
1220 1021 1258 1054 et
1285 1013 1421 1053 leviter
1446 1014 1584 1054 ornati.

190 1099 226 1120 21
250 1085 322 1122 Est
354 1091 487 1122 autem
523 1082 687 1133 quidam
718 1081 946 1121 interiectus
977 1080 1079 1120 inter
1111 1081 1185 1119 hos
1219 1079 1376 1119 medius
1405 1086 1445 1119 et
1474 1079 1587 1130 quasi

248 1156 489 1199 temperatus
527 1162 602 1187 nec
639 1147 824 1187 acumine
860 1146 1124 1197 posteriorum
1162 1159 1237 1185 nec
1275 1144 1441 1184 fulmine
1471 1152 1587 1185 utens
1608 1157 1645 1189 15

247 1213 506 1264 superiorum,
522 1213 674 1252 vicinus
694 1213 914 1259 amborum,
933 1211 973 1250 in
995 1218 1135 1250 neutro
1156 1212 1362 1259 excellens,
1381 1209 1586 1261 utriusque

247 1278 443 1329 particeps
463 1279 524 1317 vel
551 1278 766 1328 utriusque,
789 1276 821 1315 si
841 1290 977 1316 verum
1004 1275 1243 1326 quaerimus,
1263 1275 1395 1327 potius
1424 1289 1562 1327 expers
1575 1290 1586 1324 ;

247 1344 360 1394 isque
379 1357 461 1383 uno
491 1351 637 1391 tenore,
669 1350 713 1382 ut
741 1342 863 1390 aiunt,
895 1341 935 1380 in
966 1341 1140 1381 dicendo
1170 1341 1256 1380 fluit
1276 1341 1375 1380 nihil
1401 1343 1585 1381 adferens

247 1416 402 1460 praeter
421 1408 649 1448 facilitatem
670 1415 709 1447 et
734 1407 1057 1458 aequabilitatem
1081 1414 1149 1446 aut
1168 1406 1281 1446 addit
1307 1406 1461 1458 aliquos
1481 1414 1525 1446 ut
1545 1407 1586 1446 in

248 1488 397 1514 corona
434 1481 540 1513 toros
583 1487 826 1524 omnemque
871 1472 1091 1512 orationem
1130 1472 1373 1512 ornamentis
1418 1472 1586 1512 modicis
1608 1488 1648 1512 κο

187 1555 227 1577 22
248 1540 458 1580 verborum
489 1539 853 1590 sententiarumque
877 1538 1093 1589 distinguit.
1154 1539 1314 1577 Horum
1341 1537 1586 1588 singulorum

248 1619 438 1657 generum
459 1605 702 1656 quicumque
717 1605 798 1644 vim
819 1605 859 1644 in
875 1604 1037 1656 singulis
1053 1603 1259 1644 consecuti
1278 1611 1380 1652 sunt,
1397 1617 1586 1654 magnum

248 1670 289 1709 in
328 1670 549 1710 oratoribus
587 1684 736 1710 nomen
774 1671 1010 1710 habuerunt.
1088 1671 1168 1709 Sed
1209 1670 1484 1720 quaerendum
1527 1676 1586 1711 est

249 1735 395 1774 satisne
423 1736 465 1775 id
495 1738 604 1787 quod
634 1738 817 1775 volumus
848 1735 1060 1775 effecerint.

205 1809 228 1848 7
302 1801 498 1840 Videmus
537 1801 643 1841 enim
687 1801 808 1841 fuisse
859 1802 1056 1852 quosdam
1104 1800 1173 1851 qui
1210 1800 1318 1840 idem
1363 1807 1500 1840 ornate
1547 1807 1587 1840 et
1608 1813 1646 1847 25

248 1866 426 1918 graviter,
448 1867 556 1906 idem
577 1875 732 1907 versute
752 1874 792 1907 et
812 1866 1007 1906 subtiliter
1033 1865 1221 1906 dicerent.
1279 1868 1415 1917 Atque
1434 1865 1587 1906 utinam

293 1972 314 2001 6
337 1971 427 2011 quod
452 1971 564 2011 ipsum
587 1970 637 2003 L:
679 1981 820 2011 quorum
845 1971 995 2012 ipsorum
1021 1969 1232 2002 Lambinus:
1265 1980 1332 2010 quo
1357 1969 1486 2010 inipso
1507 1974 1588 2001 sunt

248 2014 336 2045 Reid
466 2016 486 2046 8
510 2015 806 2055 consequebantur
824 2014 901 2046 add.
918 2014 1045 2045 Piderit
1101 2014 1191 2055 (post
1211 2013 1395 2045 terminata
1411 2014 1587 2045 consecuti

248 2063 328 2090 sunt
352 2057 428 2090 add.
452 2058 582 2101 Aldus)
699 2059 764 2089 levi
792 2058 882 2090 codd.
910 2058 1002 2090 dett.:
1038 2057 1108 2089 leui
1131 2056 1161 2087 L
1285 2061 1415 2089 structa
1434 2057 1586 2090 Ernesti:

248 2102 418 2134 instructa
445 2102 473 2133 L
610 2112 649 2133 10
673 2103 799 2134 elimati
828 2103 949 2134 maluit
972 2101 1061 2133 Reid
1082 2101 1147 2143 (ad
1164 2100 1272 2133 Acad.
1296 2101 1328 2132 ii.
1352 2102 1430 2141 66>:
1469 2101 1587 2132 limata

249 2146 277 2176 L
414 2156 449 2176 11
477 2146 633 2178 consulto
656 2146 767 2187 vulg:
802 2146 836 2177 in
860 2146 1017 2178 consulto
1039 2143 1070 2175 L
1211 2155 1250 2185 13
1274 2145 1308 2176 id
1334 2149 1386 2176 est
1414 2143 1464 2175 O:
1497 2144 1587 2177 idest

246 2189 339 2221 P2F:
366 2189 455 2221 idem
480 2189 525 2220 Pl
702 2201 741 2230 14
763 2191 826 2222 hos
849 2189 1000 2221 Nonius:
1024 2200 1092 2220 om.
1117 2188 1147 2219 L
1313 2197 1352 2228 15
1377 2192 1587 2228 temperatus

247 2233 403 2264 Nonius:
442 2233 686 2274 temperandus
710 2234 740 2264 L
873 2234 1011 2264 flumine
1035 2232 1169 2263 Nonius
1355 2233 1395 2263 16
1418 2232 1453 2263 in
1464 2236 1586 2264 neutro

253 2276 278 2306 L
295 2289 302 2308 ε
326 2281 449 2307 neutro
459 2277 594 2308 Nonius
684 2288 723 2317 19
740 2277 935 2308 facilitatem
948 2277 1144 2308 Manutius:
1161 2274 1395 2307 facultatemL
1464 2285 1587 2315 aequa-

250 2320 411 2351 bilitatem
434 2319 633 2353 Manutius:
665 2322 904 2361 aequalitatem
920 2319 951 2351 L
1117 2329 1156 2350 21
1183 2319 1392 2358 singulorum
1409 2319 1478 2350 secl.
1496 2319 1588 2351 Bake

249 2374 290 2394 22
315 2364 347 2394 in
375 2364 518 2402 singulis
535 2365 708 2395 consecuti
726 2369 805 2395 sunt
821 2365 995 2406 Poggius:
1029 2364 1064 2395 in
1080 2374 1147 2396 om.
1164 2362 1212 2396 L:
1250 2362 1375 2402 singuli
1396 2367 1474 2394 sunt
1491 2373 1584 2396 conS.

249 2407 391 2448 Stangl:
418 2407 544 2448 singuli
563 2418 590 2440 c.
608 2413 688 2439 sunt
705 2407 830 2440 Schu'tz

1308 2481 1323 2489 s
