1630 2730
689 161 909 201 BRVTVS
1410 164 1463 211 38
1486 179 1544 211 142

133 281 282 319 eosque
320 269 431 320 fingit
467 270 610 310 format
647 270 771 310 flectit
800 270 968 322 talisque
1001 278 1174 311 oratores
1205 271 1328 312 videri
1356 272 1459 319 facit,

133 333 259 384 qualis
278 333 352 385 ipsi
373 348 414 373 se
433 334 556 374 videri
575 337 723 374 volunt.

188 398 298 438 Huic
355 399 421 438 alii
479 413 614 451 parem
674 414 760 440 esse
807 401 1005 450 dicebant,
1054 400 1119 440 alii
1165 403 1463 452 anteponebant
1483 413 1544 447 143

134 464 179 501 L.
215 464 412 503 Crassum.
473 466 578 504 Illud
616 465 779 516 quidem
812 474 917 506 certe
956 480 1095 506 omnes
1128 466 1183 506 ita
1219 466 1460 515 iudicabant,

95 543 114 577 5
134 528 336 568 neminem
369 543 455 570 esse
484 530 553 581 qui
582 532 724 570 horum
755 532 878 571 altero
909 539 997 571 utro
1029 539 1198 583 patrono
1228 532 1463 583 cuiusquam

132 593 335 644 ingenium
368 595 591 646 requireret.
661 595 862 647 Equidem
896 610 1139 647 quamquam
1171 597 1351 637 Antonio
1383 606 1465 637 tan-

133 666 218 698 tum
243 659 374 699 tribuo
403 668 596 711 quantum
626 674 743 712 supra
770 660 861 709 dixi,
884 669 1018 701 tamen
1039 663 1183 702 Crasso
1208 662 1307 701 nihil
1333 670 1463 703 statuo

133 724 216 764 fien'
246 725 422 776 potuisse
452 725 673 776 perfectius.
739 728 833 765 Erat
863 740 1020 765 summa
1048 726 1226 778 gravitas,
1260 735 1342 767 erat
1371 741 1463 767 curn

131 789 319 841 gravitate
355 790 513 830 iunctus
544 791 774 830 facetiarum
807 799 846 831 et
879 792 1110 831 urbanitatis
1144 793 1346 842 oratorius,
1380 807 1462 832 non

13 874 15 878 .
76 868 115 891 10
133 855 302 894 scurrilis
333 857 454 906 lepos,
488 856 630 896 Latine
660 857 853 908 loquendi
885 865 1067 896 accurata
1099 866 1139 897 et
1169 858 1254 897 sine
1282 858 1464 898 molestia

132 919 299 971 diligens
325 921 529 971 elegantia,
561 921 603 960 in
633 921 865 962 disserendo
899 922 996 961 mira
1029 923 1237 974 explicatio
1251 938 1261 972 3
1290 937 1383 963 cum
1412 925 1463 963 de

131 984 215 1024 iure
243 985 357 1033 civili,
389 999 480 1025 cum
510 988 561 1026 de
588 1000 718 1038 aequo
747 995 786 1026 et
815 987 923 1027 bono
952 987 1227 1039 disputaretur,
1259 1002 1464 1040 argumen-

131 1057 262 1089 torum
282 1058 320 1089 et
340 1051 643 1091 similitudinum
659 1052 784 1102 copia.
843 1054 949 1091 Nam
966 1060 1008 1091 ut
1023 1053 1223 1092 Antonius
1236 1054 1463 1093 coniectura
1481 1044 1537 1082 39

12 1158 14 1162 .
132 1117 329 1155 movenda
347 1124 415 1155 aut
435 1118 613 1156 sedanda
632 1117 856 1168 suspicione
875 1125 943 1156 aut
963 1118 1170 1157 excitanda
1189 1118 1463 1159 incredibilem
1484 1104 1547 1136 ¹44

10 1208 13 1231 3
75 1192 113 1226 15
131 1179 211 1219 vim
231 1181 428 1221 habebat:
457 1181 513 1220 sic
541 1181 582 1220 in
611 1181 918 1232 interpretando,
941 1182 982 1221 in
1011 1183 1253 1231 definiendo,
1275 1184 1316 1222 in
1346 1184 1464 1235 expli-

12 1236 17 1239 *
131 1246 259 1284 canda
291 1246 489 1297 aequitate
527 1246 625 1285 nihil
663 1257 744 1286 erat
783 1248 927 1287 Crasso
961 1247 1186 1298 copiosius,-
1215 1248 1337 1299 idque
1370 1263 1462 1288 cum

131 1323 248 1361 saepe
267 1311 362 1350 alias
389 1319 474 1350 tum
499 1313 607 1363 apud
633 1311 900 1351 centumviros
924 1312 964 1351 in
986 1314 1054 1351 Μ’.
1078 1313 1173 1353 Curi
1193 1327 1313 1353 causa
1331 1314 1463 1365 cogni-

130 1383 215 1414 tum
236 1383 305 1415 est.
364 1378 427 1416 Ita
446 1377 553 1417 enim
582 1379 707 1416 multa
735 1385 819 1416 tum
849 1385 987 1417 eontra
1015 1378 1204 1428 scriptum
1232 1392 1304 1430 pro
1332 1393 1462 1430 aequo
1484 1391 1546 1426 145

131 1448 170 1480 et
190 1442 299 1480 bono
318 1441 426 1489 dixit,
449 1450 492 1481 ut
511 1442 716 1482 hominem
742 1442 1016 1482 acutissimum
1037 1444 1087 1492 Q.
1110 1445 1341 1483 Scaevolam
1362 1452 1401 1484 et
1421 1444 1462 1483 in

71 1517 115 1542 πο
131 1505 226 1554 iure,
257 1505 298 1544 in
331 1520 412 1557 quo
445 1507 512 1547 illa
544 1521 663 1547 causa
694 1509 928 1555 vertebatur,
957 1508 1247 1558 paratissimum
1279 1510 1463 1549 obrueret

130 1579 451 1621 argumentorum
471 1574 822 1623 exemplorumque
845 1572 960 1623 copia
973 1587 984 1621 3
1011 1581 1131 1624 atque
1154 1573 1207 1612 ita
1227 1581 1311 1613 tum
1331 1575 1382 1614 ab
1402 1574 1463 1614 his

130 1636 305 1687 patronis
324 1637 556 1687 aequalibus
576 1645 616 1676 et
634 1637 713 1676 iam
739 1637 1013 1677 consularibus
1036 1651 1155 1677 causa
1174 1638 1240 1678 illa
1265 1639 1372 1678 dicta
1391 1647 1461 1688 est,

130 1714 223 1740 curn
253 1709 418 1751 uterque
449 1715 496 1740 ex
529 1702 723 1741 contraria
754 1710 864 1753 parte
897 1702 957 1741 ius
995 1702 1109 1742 civile
1147 1705 1389 1753 defenderet,
1420 1713 1464 1744 ut

133 1766 404 1816 eloquentium
449 1766 541 1806 iuris
589 1766 846 1818 peritissimus
896 1768 1072 1815 Crassus,
1111 1767 1204 1807 iuris
1248 1768 1464 1819 peritorum

75 1841 116 1875 25
134 1831 480 1881 eloquentissimus
529 1833 718 1871 Scaevola
761 1840 972 1883 putaretur.
1050 1832 1132 1883 Qui
1169 1833 1332 1884 quidem
1370 1848 1463 1874 cum

131 1904 340 1948 peracutus
360 1904 462 1936 esset
482 1898 533 1936 ad
553 1897 858 1948 excogitandum
878 1897 975 1948 quid
1001 1898 1042 1936 in
1065 1898 1148 1937 iure
1173 1906 1241 1938 aut
1267 1898 1308 1938 in
1333 1913 1463 1951 aequo

130 1975 266 2001 verum
298 1969 367 2000 aut
404 1969 508 2001 esset
544 1970 612 2000 aut
642 1975 724 2000 non
762 1970 876 2011 esset,
909 1970 994 2001 tum
1027 1962 1157 2002 verbis
1188 1971 1270 2002 erat
1298 1965 1350 2003 ad
1378 1978 1462 2004 rem

130 2039 222 2066 cum
249 2040 404 2065 summa
430 2026 619 2066 brevitate
649 2027 877 2067 mirabiliter
901 2035 1028 2079 aptus.
1088 2029 1180 2077 Qua
1204 2042 1246 2068 re
1271 2028 1321 2067 sit
1344 2029 1462 2069 nobis
1483 2035 1545 2076 146

131 2099 261 2131 orator
289 2091 330 2130 in
361 2093 437 2131 hoc
470 2091 754 2143 interpretandi
783 2092 1021 2143 explanandi
1047 2093 1291 2133 edisserendi
1318 2107 1462 2144 genere

71 2168 113 2201 30
132 2156 331 2205 mirabilis,
372 2156 427 2195 sic
476 2164 519 2195 ut
563 2156 690 2196 simile
733 2156 830 2196 nihil
868 2157 1034 2197 viderim
1049 2172 1060 2206 3
1106 2158 1147 2197 in
1184 2160 1380 2209 augendo,
1420 2159 1461 2199 in

130 2223 325 2271 ornando,
342 2221 384 2260 in
410 2223 626 2262 refellendo
655 2221 778 2273 magis
806 2222 1048 2263 existimator
1076 2225 1313 2263 metuendus
1340 2237 1461 2276 quam

174 2334 213 2356 12
237 2326 465 2366 disputaretur
488 2323 542 2357 L:
573 2325 808 2366 disputabatur
832 2326 1004 2358 Eberhard
1134 2337 1172 2367 14
1196 2331 1254 2358 aut
1278 2327 1460 2359 excitanda

128 2369 197 2400 secl.
218 2369 347 2409 Kayser
495 2379 537 2399 22
562 2374 597 2401 et
614 2370 680 2400 iam
705 2369 766 2401 M:
799 2370 901 2401 etiam
928 2369 957 2402 C
1106 2371 1149 2402 28
1172 2381 1246 2403 cum
1263 2381 1330 2403 om.
1349 2371 1464 2403 BHM

128 2421 173 2452 30
194 2413 242 2445 sic
259 2418 295 2444 ut
313 2412 406 2445 GM:
428 2413 515 2445 sicut
533 2413 562 2445 C
