1696 2730
417 533 486 582 M.
536 531 754 580 TVLLI
807 530 1208 581 CICERONIS

672 663 959 716 TOPICA

209 827 408 865 MAIORES
437 838 510 865 nos
538 838 599 864 res
631 824 802 864 scribere
830 823 1036 874 ingressos,
1069 823 1114 863 C.
1142 819 1316 869 Trebati,
1348 827 1388 860 et
1420 792 1519 875 his}

154 890 274 938 libris,
296 903 396 942 quos
422 889 531 930 brevi
555 897 734 941 tempore
759 889 853 928 satis
879 889 1025 927 multos
1052 886 1262 934 edidimus,
1283 884 1482 937 digniores

153 970 177 996 e
205 969 322 995 cursu
352 955 440 1007 ipso
472 954 671 995 revocavit
699 955 882 994 voluntas
915 961 993 993 tua.
1052 954 1156 993 Cum
1187 951 1294 991 enim
1324 963 1483 990 mecum

153 1022 196 1061 in
225 1023 455 1061 Tusculano
493 1034 599 1060 esses
637 1028 676 1060 et
713 1020 754 1059 in
790 1019 1036 1060 bibliotheca
1071 1017 1281 1070 separatim
1318 1013 1485 1066 ut'erque

117 1102 136 1135 5
154 1095 334 1127 nostrum
363 1087 415 1126 ad
444 1100 559 1125 suum
594 1085 769 1125 studium
803 1085 958 1125 libellos
991 1097 1092 1135 quos
1125 1084 1242 1123 vellet
1274 1083 1485 1129 evolveret,

154 1151 329 1192 incidisti
354 1151 395 1190 in
423 1149 645 1190 Aristotelis
673 1149 828 1200 Topica
855 1150 1063 1200 quaedam,
1089 1161 1191 1199 quae
1220 1154 1312 1186 sunt
1338 1146 1390 1186 ab
1418 1145 1485 1185 illo

154 1217 333 1269 pluribus
353 1215 461 1256 libris
487 1216 689 1267 explicata.
749 1216 841 1265 Qua
865 1213 1121 1265 inscriptione
1147 1219 1372 1252 commotus
1395 1224 1488 1250 con-

157 1283 270 1323 tinuo
299 1296 323 1321 a
355 1295 420 1322 me
450 1281 639 1321 librorum
674 1294 812 1320 eorum
842 1279 1079 1319 sententiam
1112 1276 1310 1329 requisisti
1322 1291 1334 1326 ς
1366 1289 1487 1327 quam
1508 1286 1524 1308 2

156 1361 250 1389 curn
286 1347 359 1387 tibi
396 1345 678 1398 exposuissem,
719 1344 969 1396 disciplinam
1013 1343 1343 1383 inveniendorum
1379 1354 1490 1392 argu-

42 1424 58 1463 ζ-
100 1429 141 1454 ιο
159 1420 395 1461 mentorum,
418 1420 462 1452 ut
480 1411 565 1451 sine
591 1413 673 1451 ullo
693 1424 821 1450 errore
846 1411 899 1450 ad
919 1424 966 1449 ea
990 1409 1143 1449 ratione
1169 1416 1208 1448 et
1227 1407 1290 1447 via
1315 1406 1491 1458 perveni-

45 1475 48 1479 ’
157 1492 300 1527 remus,
317 1479 368 1518 ab
383 1478 596 1518 Aristotele
616 1477 816 1517 inventam
833 1476 907 1515 inis
922 1474 1031 1515 libris
1046 1473 1253 1522 contineri,
1267 1473 1491 1512 verecunde
1524 1465 1530 1485 ³

159 1551 202 1584 tu
239 1543 404 1595 quidem
441 1550 485 1582 ut
521 1541 667 1590 omnia,
707 1543 779 1581 sed
812 1549 945 1580 tamen
978 1539 1093 1579 facile
1130 1546 1175 1578 ut
1211 1551 1414 1578 cernerem
1452 1545 1491 1576 te

160 1610 298 1650 ardere
329 1608 476 1658 studio,
506 1621 664 1647 mecum
695 1614 739 1646 ut
771 1606 844 1646 tibi
875 1605 941 1644 illa
971 1605 1167 1644 traderem
1200 1603 1323 1655 egisti.
1386 1603 1492 1643 Cum

160 1683 295 1715 autem
316 1688 390 1726 ego
409 1681 448 1714 te
466 1687 549 1713 non
576 1680 657 1712 tam
676 1672 828 1711 vitandi
853 1670 998 1711 laboris
1018 1669 1097 1710 mei
1122 1683 1242 1709 causa
1260 1682 1381 1720 quam
1401 1667 1494 1719 quia

42 1732 55 1778 f
103 1752 143 1786 ¹5
162 1748 231 1780 tua
255 1740 298 1780 id
320 1740 508 1779 interesse
526 1738 741 1786 arbitrarer,
763 1739 825 1777 vel
844 1745 888 1776 ut
914 1750 982 1776 eos
1008 1750 1078 1788 per
1096 1743 1135 1775 te
1155 1735 1239 1787 ipse
1264 1736 1413 1785 legeres
1431 1734 1494 1773 vel

44 1798 55 1807 ’
162 1813 207 1846 ut
231 1813 355 1846 totam
375 1804 569 1844 rationem
592 1817 617 1843 a
638 1802 871 1843 doctissimo
897 1803 1074 1853 quodam
1099 1801 1256 1840 rhetore
1281 1799 1491 1851 acciperes,

162 1872 341 1912 hortatus
367 1883 507 1918 essem,
529 1876 752 1919 utrumque,
773 1875 818 1906 ut
843 1881 891 1907 ex
917 1874 955 1906 te
982 1866 1206 1914 audiebam,
1229 1878 1271 1904 es
1297 1871 1490 1915 expertus.

163 1938 244 1978 Sed
263 1950 287 1975 a
304 1935 414 1976 libris
434 1943 473 1974 te
492 1933 711 1974 obscuritas
737 1932 870 1972 reiecit
885 1947 896 1981 3
923 1933 1056 1972 rhetor
1079 1938 1213 1970 autem
1233 1929 1298 1969 ille
1327 1941 1493 1980 magnus
1514 1941 1532 1972 3

164 2004 274 2051 haec,
305 2009 349 2041 ut
377 2000 530 2052 opinor,
560 1998 788 2038 Aristotelia
817 2011 859 2038 se
889 1997 1067 2049 ignorare
1097 1995 1313 2047 respondit.
1372 1994 1496 2045 Quod

107 2086 150 2110 ao
166 2067 329 2119 quidem
360 2065 523 2105 minime
557 2078 645 2104 sum
673 2063 890 2104 admiratus
919 2076 1011 2102 eum
1038 2062 1324 2113 philosophum
1352 2059 1498 2099 rhetori

166 2146 248 2173 non
285 2145 372 2172 esse
412 2129 627 2182 cognitum,
660 2128 729 2180 qui
757 2128 810 2168 ab
846 2127 942 2179 ipsis
971 2126 1220 2179 philosophis
1249 2132 1402 2176 praeter
1433 2125 1500 2164 ad-

168 2199 334 2238 modum
362 2209 512 2248 paucos
540 2195 764 2247 ignoretur;
801 2193 945 2245 quibus
974 2206 1023 2232 eo
1053 2191 1184 2231 minus
1210 2190 1499 2242 ignoscendum

167 2270 238 2312 est,
267 2263 378 2314 quod
407 2275 490 2301 non
519 2261 642 2301 modo
670 2260 788 2299 rebus
818 2258 874 2298 eis
903 2271 1005 2309 quae
1037 2257 1089 2297 ab
1117 2256 1186 2296 illo
1218 2255 1349 2296 dictae
1381 2261 1422 2294 et
1445 2253 1502 2293 in.

215 2376 257 2398 10
278 2367 320 2397 ad
344 2375 386 2397 ea
407 2364 508 2397 Klotz
529 2374 568 2396 ex
588 2364 746 2396 Boethio:
768 2363 812 2395 ad
836 2372 911 2394 eam
933 2361 1023 2395 codd.
1136 2361 1270 2392 ratione
1288 2364 1324 2393 et
1340 2359 1393 2392 via
1411 2358 1500 2401 vulg.

169 2420 209 2442 ex
220 2409 356 2442 Boethio
371 2419 379 2440 :
402 2409 571 2440 rationem
586 2408 642 2440 via
656 2406 745 2439 codd.

214 2471 279 2495 erc.
294 2470 419 2494 ropch
1375 2455 1417 2486 16
