<?xml version="1.0" encoding="UTF-8"?>
<!DOCTYPE html PUBLIC "-//W3C//DTD XHTML 1.0 Transitional//EN"
    "http://www.w3.org/TR/xhtml1/DTD/xhtml1-transitional.dtd">
<html xmlns="http://www.w3.org/1999/xhtml" xml:lang="en" lang="en">
 <head>
  <title>
</title>
<meta http-equiv="Content-Type" content="text/html;charset=utf-8" />
  <meta name='ocr-system' content='tesseract 3.04.00' />
  <meta name='ocr-capabilities' content='ocr_page ocr_carea ocr_par ocr_line ocrx_word'/>
</head>
<body>
  <div class='ocr_page' id='page_1' title='image "./rhetoricarecogno02ciceuoft_0093.png"; bbox 0 0 1630 2730; ppageno 0'>
   <div class='ocr_carea' id='block_1_1' title="bbox 0 0 50 2730">
    <p class='ocr_par' dir='ltr' id='par_1_1' title="bbox 0 0 50 2730">
     <span class='ocr_line' id='line_1_1' title="bbox 0 0 50 2730; baseline 0 0"><span class='ocrx_word' id='word_1_1' title='bbox 0 0 50 2730; x_wconf 95' lang='lat' dir='ltr'> </span> 
     </span>
    </p>
   </div>
   <div class='ocr_carea' id='block_1_2' title="bbox 706 162 1480 211">
    <p class='ocr_par' dir='ltr' id='par_1_2' title="bbox 706 162 1480 211">
     <span class='ocr_line' id='line_1_2' title="bbox 706 162 1480 211; baseline 0.013 -10"><span class='ocrx_word' id='word_1_2' title='bbox 706 162 925 201; x_wconf 89' lang='lat' dir='ltr'>BRVTVS</span> <span class='ocrx_word' id='word_1_3' title='bbox 1430 171 1480 211; x_wconf 90' lang='lat'>75</span> 
     </span>
    </p>
   </div>
   <div class='ocr_carea' id='block_1_3' title="bbox 83 273 1480 2216">
    <p class='ocr_par' dir='ltr' id='par_1_3' title="bbox 83 273 1480 2216">
     <span class='ocr_line' id='line_1_3' title="bbox 149 273 1477 326; baseline 0.002 -14"><span class='ocrx_word' id='word_1_4' title='bbox 149 273 322 313; x_wconf 88' lang='lat' dir='ltr'>insidias.</span> <span class='ocrx_word' id='word_1_5' title='bbox 380 273 622 324; x_wconf 88' lang='lat' dir='ltr'>Sputatilica,</span> <span class='ocrx_word' id='word_1_6' title='bbox 657 274 754 325; x_wconf 93' lang='lat' dir='ltr'>quid</span> <span class='ocrx_word' id='word_1_7' title='bbox 787 282 847 314; x_wconf 90' lang='lat' dir='ltr'>est</span> <span class='ocrx_word' id='word_1_8' title='bbox 883 276 989 315; x_wconf 87' lang='lat' dir='ltr'>hoc?</span> <span class='ocrx_word' id='word_1_9' title='bbox 1028 282 1143 326; x_wconf 91' lang='lat' dir='ltr'>sputa</span> <span class='ocrx_word' id='word_1_10' title='bbox 1173 275 1269 326; x_wconf 92' lang='lat' dir='ltr'>quid</span> <span class='ocrx_word' id='word_1_11' title='bbox 1303 275 1352 314; x_wconf 89' lang='lat' dir='ltr'>sit</span> <span class='ocrx_word' id='word_1_12' title='bbox 1385 275 1477 323; x_wconf 88' lang='lat' dir='ltr'>scio,</span> 
     </span>
     <span class='ocr_line' id='line_1_4' title="bbox 150 338 1479 389; baseline 0.002 -12"><span class='ocrx_word' id='word_1_13' title='bbox 150 338 257 378; x_wconf 88' lang='lat' dir='ltr'>tilica</span> <span class='ocrx_word' id='word_1_14' title='bbox 285 338 430 379; x_wconf 89' lang='lat' dir='ltr'>nescio.</span> <span class='ocrx_word' id='word_1_15' title='bbox 481 339 647 378; x_wconf 88' lang='lat' dir='ltr'>Maximi</span> <span class='ocrx_word' id='word_1_16' title='bbox 666 339 789 389; x_wconf 86' lang='lat' dir='ltr'>risus;</span> <span class='ocrx_word' id='word_1_17' title='bbox 817 341 888 380; x_wconf 93' lang='lat' dir='ltr'>sed</span> <span class='ocrx_word' id='word_1_18' title='bbox 907 340 972 380; x_wconf 94' lang='lat' dir='ltr'>ille</span> <span class='ocrx_word' id='word_1_19' title='bbox 994 348 1128 380; x_wconf 90' lang='lat' dir='ltr'>tamen</span> <span class='ocrx_word' id='word_1_20' title='bbox 1147 341 1347 380; x_wconf 88' lang='lat' dir='ltr'>familiaris</span> <span class='ocrx_word' id='word_1_21' title='bbox 1367 355 1479 381; x_wconf 91' lang='lat' dir='ltr'>meus</span> 
     </span>
     <span class='ocr_line' id='line_1_5' title="bbox 149 404 1479 457; baseline 0.002 -15"><span class='ocrx_word' id='word_1_22' title='bbox 149 411 255 443; x_wconf 91' lang='lat' dir='ltr'>recte</span> <span class='ocrx_word' id='word_1_23' title='bbox 291 404 400 455; x_wconf 91' lang='lat' dir='ltr'>loqui</span> <span class='ocrx_word' id='word_1_24' title='bbox 437 405 602 455; x_wconf 89' lang='lat' dir='ltr'>putabat</span> <span class='ocrx_word' id='word_1_25' title='bbox 639 418 724 444; x_wconf 89' lang='lat' dir='ltr'>esse</span> <span class='ocrx_word' id='word_1_26' title='bbox 762 405 946 445; x_wconf 85' lang='lat' dir='ltr'>inusitate</span> <span class='ocrx_word' id='word_1_27' title='bbox 983 405 1104 457; x_wconf 89' lang='lat' dir='ltr'>loqui.</span> <span class='ocrx_word' id='word_1_28' title='bbox 1163 407 1310 446; x_wconf 87' lang='lat' dir='ltr'>Caesar</span> <span class='ocrx_word' id='word_1_29' title='bbox 1345 414 1479 446; x_wconf 89' lang='lat' dir='ltr'>autern</span> 
     </span>
     <span class='ocr_line' id='line_1_6' title="bbox 148 469 1479 523; baseline 0.003 -16"><span class='ocrx_word' id='word_1_30' title='bbox 148 469 341 508; x_wconf 87' lang='lat' dir='ltr'>rationem</span> <span class='ocrx_word' id='word_1_31' title='bbox 373 470 570 509; x_wconf 87' lang='lat' dir='ltr'>adhibens</span> <span class='ocrx_word' id='word_1_32' title='bbox 602 470 934 510; x_wconf 81' lang='lat' dir='ltr'>consuetudinem</span> <span class='ocrx_word' id='word_1_33' title='bbox 966 471 1148 510; x_wconf 85' lang='lat' dir='ltr'>vitiosam</span> <span class='ocrx_word' id='word_1_34' title='bbox 1186 479 1225 511; x_wconf 87' lang='lat' dir='ltr'>et</span> <span class='ocrx_word' id='word_1_35' title='bbox 1254 479 1479 523; x_wconf 85' lang='lat' dir='ltr'>corruptam</span> 
     </span>
     <span class='ocr_line' id='line_1_7' title="bbox 111 534 1479 588; baseline 0.003 -16"><span class='ocrx_word' id='word_1_36' title='bbox 111 550 129 581; x_wconf 81' lang='lat'>5</span> <span class='ocrx_word' id='word_1_37' title='bbox 147 547 245 584; x_wconf 89' lang='lat' dir='ltr'>pura</span> <span class='ocrx_word' id='word_1_38' title='bbox 282 542 321 573; x_wconf 89' lang='lat' dir='ltr'>et</span> <span class='ocrx_word' id='word_1_39' title='bbox 358 534 584 585; x_wconf 87' lang='lat' dir='ltr'>incorrupta</span> <span class='ocrx_word' id='word_1_40' title='bbox 620 536 909 576; x_wconf 86' lang='lat' dir='ltr'>consuetudine</span> <span class='ocrx_word' id='word_1_41' title='bbox 947 538 1144 576; x_wconf 88' lang='lat' dir='ltr'>emendat.</span> <span class='ocrx_word' id='word_1_42' title='bbox 1208 539 1350 588; x_wconf 89' lang='lat' dir='ltr'>Itaque</span> <span class='ocrx_word' id='word_1_43' title='bbox 1387 551 1479 577; x_wconf 91' lang='lat' dir='ltr'>cum</span> 
     </span>
     <span class='ocr_line' id='line_1_8' title="bbox 147 600 1480 653; baseline 0.003 -16"><span class='ocrx_word' id='word_1_44' title='bbox 147 600 199 638; x_wconf 90' lang='lat' dir='ltr'>ad</span> <span class='ocrx_word' id='word_1_45' title='bbox 229 600 333 638; x_wconf 85' lang='lat' dir='ltr'>hanc</span> <span class='ocrx_word' id='word_1_46' title='bbox 361 600 595 651; x_wconf 86' lang='lat' dir='ltr'>elegantiam</span> <span class='ocrx_word' id='word_1_47' title='bbox 624 602 834 640; x_wconf 90' lang='lat' dir='ltr'>verborum</span> <span class='ocrx_word' id='word_1_48' title='bbox 864 601 1265 653; x_wconf 87' lang='lat' dir='ltr'>Latinorum—quae,</span> <span class='ocrx_word' id='word_1_49' title='bbox 1297 602 1416 642; x_wconf 86' lang='lat' dir='ltr'>etiarn</span> <span class='ocrx_word' id='word_1_50' title='bbox 1447 602 1480 641; x_wconf 89' lang='lat' dir='ltr'>si</span> 
     </span>
     <span class='ocr_line' id='line_1_9' title="bbox 148 665 1480 717; baseline 0.004 -15"><span class='ocrx_word' id='word_1_51' title='bbox 148 671 278 703; x_wconf 90' lang='lat' dir='ltr'>orator</span> <span class='ocrx_word' id='word_1_52' title='bbox 300 678 382 703; x_wconf 84' lang='lat' dir='ltr'>non</span> <span class='ocrx_word' id='word_1_53' title='bbox 406 665 457 703; x_wconf 90' lang='lat' dir='ltr'>sis</span> <span class='ocrx_word' id='word_1_54' title='bbox 481 673 520 704; x_wconf 92' lang='lat' dir='ltr'>et</span> <span class='ocrx_word' id='word_1_55' title='bbox 543 665 595 704; x_wconf 91' lang='lat' dir='ltr'>sis</span> <span class='ocrx_word' id='word_1_56' title='bbox 618 665 812 717; x_wconf 89' lang='lat' dir='ltr'>ingenuus</span> <span class='ocrx_word' id='word_1_57' title='bbox 836 666 931 705; x_wconf 91' lang='lat' dir='ltr'>civis</span> <span class='ocrx_word' id='word_1_58' title='bbox 952 668 1170 714; x_wconf 90' lang='lat' dir='ltr'>Romanus,</span> <span class='ocrx_word' id='word_1_59' title='bbox 1193 675 1326 706; x_wconf 88' lang='lat' dir='ltr'>tamen</span> <span class='ocrx_word' id='word_1_60' title='bbox 1346 681 1480 707; x_wconf 88' lang='lat' dir='ltr'>neces-</span> 
     </span>
     <span class='ocr_line' id='line_1_10' title="bbox 147 728 1478 781; baseline 0.004 -14"><span class='ocrx_word' id='word_1_61' title='bbox 147 728 247 767; x_wconf 88' lang='lat' dir='ltr'>saria</span> <span class='ocrx_word' id='word_1_62' title='bbox 283 730 575 781; x_wconf 85' lang='lat' dir='ltr'>est—adiungit</span> <span class='ocrx_word' id='word_1_63' title='bbox 611 730 678 769; x_wconf 88' lang='lat' dir='ltr'>illa</span> <span class='ocrx_word' id='word_1_64' title='bbox 715 731 883 770; x_wconf 89' lang='lat' dir='ltr'>oratoria</span> <span class='ocrx_word' id='word_1_65' title='bbox 920 739 1153 771; x_wconf 88' lang='lat' dir='ltr'>ornamenta</span> <span class='ocrx_word' id='word_1_66' title='bbox 1185 732 1357 781; x_wconf 90' lang='lat' dir='ltr'>dicendi,</span> <span class='ocrx_word' id='word_1_67' title='bbox 1393 740 1478 772; x_wconf 92' lang='lat' dir='ltr'>tum</span> 
     </span>
     <span class='ocr_line' id='line_1_11' title="bbox 146 793 1478 847; baseline 0.005 -16"><span class='ocrx_word' id='word_1_68' title='bbox 146 793 302 832; x_wconf 89' lang='lat' dir='ltr'>videtur</span> <span class='ocrx_word' id='word_1_69' title='bbox 333 802 536 846; x_wconf 86' lang='lat' dir='ltr'>tamquam</span> <span class='ocrx_word' id='word_1_70' title='bbox 569 796 723 835; x_wconf 89' lang='lat' dir='ltr'>tabulas</span> <span class='ocrx_word' id='word_1_71' title='bbox 753 797 857 836; x_wconf 88' lang='lat' dir='ltr'>bene</span> <span class='ocrx_word' id='word_1_72' title='bbox 894 796 1019 847; x_wconf 84' lang='lat' dir='ltr'>pictas</span> <span class='ocrx_word' id='word_1_73' title='bbox 1056 799 1265 837; x_wconf 89' lang='lat' dir='ltr'>conlocare</span> <span class='ocrx_word' id='word_1_74' title='bbox 1297 798 1339 837; x_wconf 92' lang='lat' dir='ltr'>in</span> <span class='ocrx_word' id='word_1_75' title='bbox 1369 799 1478 838; x_wconf 92' lang='lat' dir='ltr'>bono</span> 
     </span>
     <span class='ocr_line' id='line_1_12' title="bbox 90 858 1480 913; baseline 0.006 -18"><span class='ocrx_word' id='word_1_76' title='bbox 90 871 129 894; x_wconf 90' lang='lat'>10</span> <span class='ocrx_word' id='word_1_77' title='bbox 146 858 307 898; x_wconf 89' lang='lat' dir='ltr'>lumine.</span> <span class='ocrx_word' id='word_1_78' title='bbox 366 861 486 899; x_wconf 90' lang='lat' dir='ltr'>Hanc</span> <span class='ocrx_word' id='word_1_79' title='bbox 515 874 607 899; x_wconf 91' lang='lat' dir='ltr'>cum</span> <span class='ocrx_word' id='word_1_80' title='bbox 637 861 782 900; x_wconf 89' lang='lat' dir='ltr'>habeat</span> <span class='ocrx_word' id='word_1_81' title='bbox 810 862 1063 913; x_wconf 88' lang='lat' dir='ltr'>praecipuam</span> <span class='ocrx_word' id='word_1_82' title='bbox 1092 864 1263 911; x_wconf 88' lang='lat' dir='ltr'>laudem,</span> <span class='ocrx_word' id='word_1_83' title='bbox 1299 863 1340 902; x_wconf 91' lang='lat' dir='ltr'>in</span> <span class='ocrx_word' id='word_1_84' title='bbox 1374 877 1480 902; x_wconf 92' lang='lat' dir='ltr'>com-</span> 
     </span>
     <span class='ocr_line' id='line_1_13' title="bbox 147 924 1480 979; baseline 0.005 -18"><span class='ocrx_word' id='word_1_85' title='bbox 147 924 335 963; x_wconf 89' lang='lat' dir='ltr'>munibus</span> <span class='ocrx_word' id='word_1_86' title='bbox 360 938 442 963; x_wconf 92' lang='lat' dir='ltr'>non</span> <span class='ocrx_word' id='word_1_87' title='bbox 462 925 580 964; x_wconf 92' lang='lat' dir='ltr'>video</span> <span class='ocrx_word' id='word_1_88' title='bbox 605 926 670 964; x_wconf 92' lang='lat' dir='ltr'>cui</span> <span class='ocrx_word' id='word_1_89' title='bbox 693 927 838 966; x_wconf 83' lang='lat' dir='ltr'>debeat</span> <span class='ocrx_word' id='word_1_90' title='bbox 864 928 1014 966; x_wconf 86' lang='lat' dir='ltr'>cedere.</span> <span class='ocrx_word' id='word_1_91' title='bbox 1074 928 1333 979; x_wconf 88' lang='lat' dir='ltr'>Splendidam</span> <span class='ocrx_word' id='word_1_92' title='bbox 1358 942 1480 979; x_wconf 85' lang='lat' dir='ltr'>quan-</span> 
     </span>
     <span class='ocr_line' id='line_1_14' title="bbox 145 989 1478 1041; baseline 0.005 -14"><span class='ocrx_word' id='word_1_93' title='bbox 145 989 239 1028; x_wconf 90' lang='lat' dir='ltr'>dam</span> <span class='ocrx_word' id='word_1_94' title='bbox 268 989 512 1040; x_wconf 90' lang='lat' dir='ltr'>minimeque</span> <span class='ocrx_word' id='word_1_95' title='bbox 530 991 803 1030; x_wconf 84' lang='lat' dir='ltr'>veteratoriam</span> <span class='ocrx_word' id='word_1_96' title='bbox 831 992 1025 1031; x_wconf 89' lang='lat' dir='ltr'>rationem</span> <span class='ocrx_word' id='word_1_97' title='bbox 1053 993 1215 1033; x_wconf 91' lang='lat' dir='ltr'>dicendi</span> <span class='ocrx_word' id='word_1_98' title='bbox 1240 1001 1358 1041; x_wconf 90' lang='lat' dir='ltr'>tenet,</span> <span class='ocrx_word' id='word_1_99' title='bbox 1380 1008 1478 1033; x_wconf 92' lang='lat' dir='ltr'>voce</span> 
     </span>
     <span class='ocr_line' id='line_1_15' title="bbox 145 1055 1475 1108; baseline 0.005 -16"><span class='ocrx_word' id='word_1_100' title='bbox 145 1061 257 1092; x_wconf 88' lang='lat' dir='ltr'>motu</span> <span class='ocrx_word' id='word_1_101' title='bbox 277 1055 402 1093; x_wconf 91' lang='lat' dir='ltr'>forma</span> <span class='ocrx_word' id='word_1_102' title='bbox 421 1055 539 1094; x_wconf 89' lang='lat' dir='ltr'>etiam</span> <span class='ocrx_word' id='word_1_103' title='bbox 561 1055 810 1106; x_wconf 86' lang='lat' dir='ltr'>magnificam</span> <span class='ocrx_word' id='word_1_104' title='bbox 829 1063 869 1096; x_wconf 92' lang='lat' dir='ltr'>et</span> <span class='ocrx_word' id='word_1_105' title='bbox 893 1070 1124 1107; x_wconf 88' lang='lat' dir='ltr'>generosam</span> <span class='ocrx_word' id='word_1_106' title='bbox 1145 1060 1320 1108; x_wconf 90' lang='lat' dir='ltr'>quodam</span> <span class='ocrx_word' id='word_1_107' title='bbox 1341 1060 1475 1098; x_wconf 92' lang='lat' dir='ltr'>modo.</span> 
     </span>
     <span class='ocr_line' id='line_1_16' title="bbox 145 1119 1479 1174; baseline 0.004 -17"><span class='ocrx_word' id='word_1_108' title='bbox 145 1119 251 1157; x_wconf 92' lang='lat' dir='ltr'>Tum</span> <span class='ocrx_word' id='word_1_109' title='bbox 273 1120 417 1158; x_wconf 91' lang='lat' dir='ltr'>Brutus</span> <span class='ocrx_word' id='word_1_110' title='bbox 435 1135 442 1158; x_wconf 93' lang='lat'><strong>:</strong></span> <span class='ocrx_word' id='word_1_111' title='bbox 476 1120 686 1160; x_wconf 90' lang='lat' dir='ltr'>Orationes</span> <span class='ocrx_word' id='word_1_112' title='bbox 707 1121 870 1171; x_wconf 89' lang='lat' dir='ltr'>quidem</span> <span class='ocrx_word' id='word_1_113' title='bbox 893 1122 977 1161; x_wconf 87' lang='lat' dir='ltr'>eius</span> <span class='ocrx_word' id='word_1_114' title='bbox 1003 1123 1101 1161; x_wconf 88' lang='lat' dir='ltr'>mihi</span> <span class='ocrx_word' id='word_1_115' title='bbox 1119 1124 1374 1163; x_wconf 89' lang='lat' dir='ltr'>vehementer</span> <span class='ocrx_word' id='word_1_116' title='bbox 1392 1137 1479 1174; x_wconf 92' lang='lat' dir='ltr'>pro-</span> 
     </span>
     <span class='ocr_line' id='line_1_17' title="bbox 87 1183 1475 1238; baseline 0.004 -16"><span class='ocrx_word' id='word_1_117' title='bbox 87 1194 126 1227; x_wconf 82' lang='lat'>15</span> <span class='ocrx_word' id='word_1_118' title='bbox 146 1183 298 1223; x_wconf 89' lang='lat' dir='ltr'>bantur.</span> <span class='ocrx_word' id='word_1_119' title='bbox 357 1184 582 1235; x_wconf 89' lang='lat' dir='ltr'>Compluris</span> <span class='ocrx_word' id='word_1_120' title='bbox 611 1193 744 1225; x_wconf 89' lang='lat' dir='ltr'>autem</span> <span class='ocrx_word' id='word_1_121' title='bbox 771 1186 847 1237; x_wconf 90' lang='lat' dir='ltr'>legi</span> <span class='ocrx_word' id='word_1_122' title='bbox 874 1194 994 1238; x_wconf 88' lang='lat' dir='ltr'>atque</span> <span class='ocrx_word' id='word_1_123' title='bbox 1020 1187 1138 1227; x_wconf 87' lang='lat' dir='ltr'>etiam</span> <span class='ocrx_word' id='word_1_124' title='bbox 1158 1189 1475 1236; x_wconf 88' lang='lat' dir='ltr'>commentarios,</span> 
     </span>
     <span class='ocr_line' id='line_1_18' title="bbox 145 1249 1474 1305; baseline 0.005 -18"><span class='ocrx_word' id='word_1_125' title='bbox 145 1261 246 1299; x_wconf 90' lang='lat' dir='ltr'>quos</span> <span class='ocrx_word' id='word_1_126' title='bbox 265 1249 371 1288; x_wconf 90' lang='lat' dir='ltr'>idem</span> <span class='ocrx_word' id='word_1_127' title='bbox 392 1250 545 1300; x_wconf 91' lang='lat' dir='ltr'>scripsit</span> <span class='ocrx_word' id='word_1_128' title='bbox 570 1264 699 1290; x_wconf 92' lang='lat' dir='ltr'>rerum</span> <span class='ocrx_word' id='word_1_129' title='bbox 728 1265 898 1291; x_wconf 89' lang='lat' dir='ltr'>suarum.</span> <span class='ocrx_word' id='word_1_130' title='bbox 956 1254 1085 1292; x_wconf 90' lang='lat' dir='ltr'>Valde</span> <span class='ocrx_word' id='word_1_131' title='bbox 1104 1253 1277 1304; x_wconf 90' lang='lat' dir='ltr'>quidem,</span> <span class='ocrx_word' id='word_1_132' title='bbox 1300 1253 1474 1305; x_wconf 89' lang='lat' dir='ltr'>inquam,</span> 
     </span>
     <span class='ocr_line' id='line_1_19' title="bbox 144 1314 1477 1365; baseline 0.005 -13"><span class='ocrx_word' id='word_1_133' title='bbox 144 1314 398 1364; x_wconf 79' lang='lat' dir='ltr'>probandos3</span> <span class='ocrx_word' id='word_1_134' title='bbox 426 1315 524 1354; x_wconf 90' lang='lat' dir='ltr'>nudi</span> <span class='ocrx_word' id='word_1_135' title='bbox 552 1315 659 1355; x_wconf 93' lang='lat' dir='ltr'>enim</span> <span class='ocrx_word' id='word_1_136' title='bbox 688 1323 790 1365; x_wconf 92' lang='lat' dir='ltr'>sunt,</span> <span class='ocrx_word' id='word_1_137' title='bbox 818 1316 914 1355; x_wconf 91' lang='lat' dir='ltr'>recti</span> <span class='ocrx_word' id='word_1_138' title='bbox 942 1324 982 1356; x_wconf 89' lang='lat' dir='ltr'>et</span> <span class='ocrx_word' id='word_1_139' title='bbox 1003 1318 1169 1365; x_wconf 89' lang='lat' dir='ltr'>venusti,</span> <span class='ocrx_word' id='word_1_140' title='bbox 1198 1318 1308 1357; x_wconf 88' lang='lat' dir='ltr'>omni</span> <span class='ocrx_word' id='word_1_141' title='bbox 1337 1327 1477 1358; x_wconf 91' lang='lat' dir='ltr'>ornatu</span> 
     </span>
     <span class='ocr_line' id='line_1_20' title="bbox 144 1378 1477 1431; baseline 0.005 -15"><span class='ocrx_word' id='word_1_142' title='bbox 144 1378 332 1418; x_wconf 89' lang='lat' dir='ltr'>orationis</span> <span class='ocrx_word' id='word_1_143' title='bbox 362 1387 566 1431; x_wconf 88' lang='lat' dir='ltr'>tamquam</span> <span class='ocrx_word' id='word_1_144' title='bbox 596 1388 704 1420; x_wconf 90' lang='lat' dir='ltr'>veste</span> <span class='ocrx_word' id='word_1_145' title='bbox 737 1383 923 1421; x_wconf 83' lang='lat' dir='ltr'>detracta.</span> <span class='ocrx_word' id='word_1_146' title='bbox 983 1383 1062 1422; x_wconf 91' lang='lat' dir='ltr'>Sed</span> <span class='ocrx_word' id='word_1_147' title='bbox 1095 1384 1192 1422; x_wconf 91' lang='lat' dir='ltr'>dum</span> <span class='ocrx_word' id='word_1_148' title='bbox 1225 1383 1349 1423; x_wconf 89' lang='lat' dir='ltr'>voluit</span> <span class='ocrx_word' id='word_1_149' title='bbox 1379 1384 1477 1424; x_wconf 87' lang='lat' dir='ltr'>alios</span> 
     </span>
     <span class='ocr_line' id='line_1_21' title="bbox 144 1445 1473 1498; baseline 0.005 -15"><span class='ocrx_word' id='word_1_150' title='bbox 144 1445 290 1484; x_wconf 90' lang='lat' dir='ltr'>habere</span> <span class='ocrx_word' id='word_1_151' title='bbox 309 1453 452 1496; x_wconf 77' lang='lat' dir='ltr'>parata,</span> <span class='ocrx_word' id='word_1_152' title='bbox 471 1447 578 1486; x_wconf 91' lang='lat' dir='ltr'>unde</span> <span class='ocrx_word' id='word_1_153' title='bbox 598 1455 798 1486; x_wconf 89' lang='lat' dir='ltr'>sumerent</span> <span class='ocrx_word' id='word_1_154' title='bbox 818 1447 886 1498; x_wconf 92' lang='lat' dir='ltr'>qui</span> <span class='ocrx_word' id='word_1_155' title='bbox 905 1449 1051 1488; x_wconf 89' lang='lat' dir='ltr'>vellent</span> <span class='ocrx_word' id='word_1_156' title='bbox 1070 1449 1239 1489; x_wconf 87' lang='lat' dir='ltr'>scribere</span> <span class='ocrx_word' id='word_1_157' title='bbox 1259 1449 1473 1498; x_wconf 88' lang='lat' dir='ltr'>historiam,</span> 
     </span>
     <span class='ocr_line' id='line_1_22' title="bbox 86 1509 1477 1564; baseline 0.005 -17"><span class='ocrx_word' id='word_1_158' title='bbox 86 1524 126 1547; x_wconf 86' lang='lat'>20</span> <span class='ocrx_word' id='word_1_159' title='bbox 144 1509 288 1561; x_wconf 87' lang='lat' dir='ltr'>ineptis</span> <span class='ocrx_word' id='word_1_160' title='bbox 324 1519 477 1561; x_wconf 87' lang='lat' dir='ltr'>gratum</span> <span class='ocrx_word' id='word_1_161' title='bbox 517 1512 682 1552; x_wconf 89' lang='lat' dir='ltr'>fortasse</span> <span class='ocrx_word' id='word_1_162' title='bbox 722 1512 826 1560; x_wconf 89' lang='lat' dir='ltr'>fecit,</span> <span class='ocrx_word' id='word_1_163' title='bbox 866 1513 935 1564; x_wconf 90' lang='lat' dir='ltr'>qui</span> <span class='ocrx_word' id='word_1_164' title='bbox 971 1513 1038 1553; x_wconf 90' lang='lat' dir='ltr'>illa</span> <span class='ocrx_word' id='word_1_165' title='bbox 1074 1516 1209 1553; x_wconf 93' lang='lat' dir='ltr'>volent</span> <span class='ocrx_word' id='word_1_166' title='bbox 1246 1515 1477 1555; x_wconf 88' lang='lat' dir='ltr'>calamistris</span> 
     </span>
     <span class='ocr_line' id='line_1_23' title="bbox 143 1574 1477 1629; baseline 0.005 -16"><span class='ocrx_word' id='word_1_167' title='bbox 143 1574 296 1615; x_wconf 90' lang='lat' dir='ltr'>inurere</span> <span class='ocrx_word' id='word_1_168' title='bbox 313 1591 320 1614; x_wconf 91' lang='lat'>:</span> <span class='ocrx_word' id='word_1_169' title='bbox 349 1590 466 1615; x_wconf 85' lang='lat' dir='ltr'>sanos</span> <span class='ocrx_word' id='word_1_170' title='bbox 485 1576 648 1627; x_wconf 90' lang='lat' dir='ltr'>quidem</span> <span class='ocrx_word' id='word_1_171' title='bbox 667 1577 850 1617; x_wconf 90' lang='lat' dir='ltr'>homines</span> <span class='ocrx_word' id='word_1_172' title='bbox 869 1592 893 1617; x_wconf 91' lang='lat' dir='ltr'>a</span> <span class='ocrx_word' id='word_1_173' title='bbox 912 1579 1123 1619; x_wconf 91' lang='lat' dir='ltr'>scribendo</span> <span class='ocrx_word' id='word_1_174' title='bbox 1138 1580 1327 1619; x_wconf 89' lang='lat' dir='ltr'>deterruit</span> <span class='ocrx_word' id='word_1_175' title='bbox 1339 1595 1351 1629; x_wconf 80' lang='lat'>3</span> <span class='ocrx_word' id='word_1_176' title='bbox 1378 1580 1477 1619; x_wconf 91' lang='lat' dir='ltr'>nihil</span> 
     </span>
     <span class='ocr_line' id='line_1_24' title="bbox 142 1640 1475 1692; baseline 0.005 -14"><span class='ocrx_word' id='word_1_177' title='bbox 142 1647 202 1679; x_wconf 90' lang='lat' dir='ltr'>est</span> <span class='ocrx_word' id='word_1_178' title='bbox 221 1640 327 1679; x_wconf 93' lang='lat' dir='ltr'>enim</span> <span class='ocrx_word' id='word_1_179' title='bbox 348 1641 387 1679; x_wconf 92' lang='lat' dir='ltr'>in</span> <span class='ocrx_word' id='word_1_180' title='bbox 408 1641 570 1680; x_wconf 87' lang='lat' dir='ltr'>historia</span> <span class='ocrx_word' id='word_1_181' title='bbox 591 1655 689 1692; x_wconf 89' lang='lat' dir='ltr'>pura</span> <span class='ocrx_word' id='word_1_182' title='bbox 714 1650 754 1682; x_wconf 92' lang='lat' dir='ltr'>et</span> <span class='ocrx_word' id='word_1_183' title='bbox 781 1642 934 1683; x_wconf 89' lang='lat' dir='ltr'>inlustri</span> <span class='ocrx_word' id='word_1_184' title='bbox 962 1644 1152 1684; x_wconf 89' lang='lat' dir='ltr'>brevitate</span> <span class='ocrx_word' id='word_1_185' title='bbox 1171 1645 1337 1684; x_wconf 88' lang='lat' dir='ltr'>dulcius.</span> <span class='ocrx_word' id='word_1_186' title='bbox 1396 1647 1475 1686; x_wconf 91' lang='lat' dir='ltr'>Sed</span> 
     </span>
     <span class='ocr_line' id='line_1_25' title="bbox 141 1705 1244 1757; baseline 0.005 -13"><span class='ocrx_word' id='word_1_187' title='bbox 141 1706 193 1744; x_wconf 88' lang='lat' dir='ltr'>ad</span> <span class='ocrx_word' id='word_1_188' title='bbox 214 1718 292 1753; x_wconf 90' lang='lat' dir='ltr'>eos,</span> <span class='ocrx_word' id='word_1_189' title='bbox 316 1705 347 1744; x_wconf 90' lang='lat' dir='ltr'>si</span> <span class='ocrx_word' id='word_1_190' title='bbox 366 1707 507 1756; x_wconf 87' lang='lat' dir='ltr'>placet,</span> <span class='ocrx_word' id='word_1_191' title='bbox 529 1706 597 1757; x_wconf 91' lang='lat' dir='ltr'>qui</span> <span class='ocrx_word' id='word_1_192' title='bbox 615 1707 695 1746; x_wconf 90' lang='lat' dir='ltr'>vita</span> <span class='ocrx_word' id='word_1_193' title='bbox 713 1716 975 1756; x_wconf 87' lang='lat' dir='ltr'>excesserunt,</span> <span class='ocrx_word' id='word_1_194' title='bbox 995 1717 1244 1749; x_wconf 89' lang='lat' dir='ltr'>revertamur.</span> 
     </span>
     <span class='ocr_line' id='line_1_26' title="bbox 198 1769 1475 1824; baseline 0.004 -14"><span class='ocrx_word' id='word_1_195' title='bbox 198 1770 244 1810; x_wconf 93' lang='lat' dir='ltr'>C.</span> <span class='ocrx_word' id='word_1_196' title='bbox 275 1769 444 1809; x_wconf 89' lang='lat' dir='ltr'>Sicinius</span> <span class='ocrx_word' id='word_1_197' title='bbox 472 1770 588 1821; x_wconf 90' lang='lat' dir='ltr'>igitur</span> <span class='ocrx_word' id='word_1_198' title='bbox 618 1772 667 1820; x_wconf 90' lang='lat' dir='ltr'>Q.</span> <span class='ocrx_word' id='word_1_199' title='bbox 700 1772 867 1823; x_wconf 90' lang='lat' dir='ltr'>Pompei</span> <span class='ocrx_word' id='word_1_200' title='bbox 897 1773 1011 1822; x_wconf 90' lang='lat' dir='ltr'>illius,</span> <span class='ocrx_word' id='word_1_201' title='bbox 1042 1774 1111 1824; x_wconf 91' lang='lat' dir='ltr'>qui</span> <span class='ocrx_word' id='word_1_202' title='bbox 1142 1788 1282 1815; x_wconf 90' lang='lat' dir='ltr'>censor</span> <span class='ocrx_word' id='word_1_203' title='bbox 1311 1775 1394 1823; x_wconf 89' lang='lat' dir='ltr'>suit,</span> <span class='ocrx_word' id='word_1_204' title='bbox 1427 1790 1475 1815; x_wconf 89' lang='lat' dir='ltr'>ex</span> 
     </span>
     <span class='ocr_line' id='line_1_27' title="bbox 87 1834 1475 1890; baseline 0.006 -18"><span class='ocrx_word' id='word_1_205' title='bbox 87 1848 125 1881; x_wconf 83' lang='lat'>²5</span> <span class='ocrx_word' id='word_1_206' title='bbox 144 1834 224 1873; x_wconf 87' lang='lat' dir='ltr'>filia</span> <span class='ocrx_word' id='word_1_207' title='bbox 243 1848 378 1885; x_wconf 85' lang='lat' dir='ltr'>nepos,</span> <span class='ocrx_word' id='word_1_208' title='bbox 400 1835 647 1886; x_wconf 89' lang='lat' dir='ltr'>quaestorius</span> <span class='ocrx_word' id='word_1_209' title='bbox 670 1844 848 1876; x_wconf 89' lang='lat' dir='ltr'>mortuus</span> <span class='ocrx_word' id='word_1_210' title='bbox 874 1845 933 1877; x_wconf 88' lang='lat' dir='ltr'>est</span> <span class='ocrx_word' id='word_1_211' title='bbox 949 1853 960 1887; x_wconf 79' lang='lat'><em>3</em></span> <span class='ocrx_word' id='word_1_212' title='bbox 995 1839 1211 1890; x_wconf 89' lang='lat' dir='ltr'>probabilis</span> <span class='ocrx_word' id='word_1_213' title='bbox 1234 1848 1374 1888; x_wconf 90' lang='lat' dir='ltr'>orator,</span> <span class='ocrx_word' id='word_1_214' title='bbox 1396 1841 1475 1880; x_wconf 91' lang='lat' dir='ltr'>iam</span> 
     </span>
     <span class='ocr_line' id='line_1_28' title="bbox 142 1900 1476 1954; baseline 0.005 -16"><span class='ocrx_word' id='word_1_215' title='bbox 142 1913 236 1939; x_wconf 94' lang='lat' dir='ltr'>vero</span> <span class='ocrx_word' id='word_1_216' title='bbox 268 1900 387 1939; x_wconf 89' lang='lat' dir='ltr'>etiarn</span> <span class='ocrx_word' id='word_1_217' title='bbox 420 1901 619 1951; x_wconf 83' lang='lat' dir='ltr'>probatus,</span> <span class='ocrx_word' id='word_1_218' title='bbox 650 1915 698 1941; x_wconf 85' lang='lat' dir='ltr'>ex</span> <span class='ocrx_word' id='word_1_219' title='bbox 728 1903 802 1941; x_wconf 89' lang='lat' dir='ltr'>hac</span> <span class='ocrx_word' id='word_1_220' title='bbox 833 1902 942 1954; x_wconf 90' lang='lat' dir='ltr'>inopi</span> <span class='ocrx_word' id='word_1_221' title='bbox 972 1905 1023 1943; x_wconf 89' lang='lat' dir='ltr'>ad</span> <span class='ocrx_word' id='word_1_222' title='bbox 1056 1906 1291 1954; x_wconf 87' lang='lat' dir='ltr'>ornandum,</span> <span class='ocrx_word' id='word_1_223' title='bbox 1322 1907 1394 1945; x_wconf 90' lang='lat' dir='ltr'>sed</span> <span class='ocrx_word' id='word_1_224' title='bbox 1423 1907 1476 1945; x_wconf 92' lang='lat' dir='ltr'>ad</span> 
     </span>
     <span class='ocr_line' id='line_1_29' title="bbox 141 1964 1475 2020; baseline 0.005 -17"><span class='ocrx_word' id='word_1_225' title='bbox 141 1964 425 2005; x_wconf 90' lang='lat' dir='ltr'>inveniendum</span> <span class='ocrx_word' id='word_1_226' title='bbox 473 1966 656 2017; x_wconf 88' lang='lat' dir='ltr'>expedita</span> <span class='ocrx_word' id='word_1_227' title='bbox 698 1968 968 2018; x_wconf 87' lang='lat' dir='ltr'>Hermagorae</span> <span class='ocrx_word' id='word_1_228' title='bbox 1014 1969 1232 2020; x_wconf 89' lang='lat' dir='ltr'>disciplina.</span> <span class='ocrx_word' id='word_1_229' title='bbox 1310 1973 1370 2010; x_wconf 89' lang='lat' dir='ltr'>Ea</span> <span class='ocrx_word' id='word_1_230' title='bbox 1406 1973 1475 2011; x_wconf 86' lang='lat' dir='ltr'>dat</span> 
     </span>
     <span class='ocr_line' id='line_1_30' title="bbox 141 2029 1473 2085; baseline 0.006 -17"><span class='ocrx_word' id='word_1_231' title='bbox 141 2029 312 2069; x_wconf 90' lang='lat' dir='ltr'>rationes</span> <span class='ocrx_word' id='word_1_232' title='bbox 356 2037 481 2070; x_wconf 87' lang='lat' dir='ltr'>certas</span> <span class='ocrx_word' id='word_1_233' title='bbox 524 2038 563 2070; x_wconf 91' lang='lat' dir='ltr'>et</span> <span class='ocrx_word' id='word_1_234' title='bbox 607 2040 817 2083; x_wconf 90' lang='lat' dir='ltr'>praecepta</span> <span class='ocrx_word' id='word_1_235' title='bbox 857 2032 1029 2083; x_wconf 89' lang='lat' dir='ltr'>dicendi,</span> <span class='ocrx_word' id='word_1_236' title='bbox 1068 2048 1171 2085; x_wconf 90' lang='lat' dir='ltr'>quae</span> <span class='ocrx_word' id='word_1_237' title='bbox 1208 2035 1241 2074; x_wconf 90' lang='lat' dir='ltr'>si</span> <span class='ocrx_word' id='word_1_238' title='bbox 1278 2036 1473 2076; x_wconf 91' lang='lat' dir='ltr'>minorem</span> 
     </span>
     <span class='ocr_line' id='line_1_31' title="bbox 141 2094 1474 2148; baseline 0.007 -16"><span class='ocrx_word' id='word_1_239' title='bbox 141 2094 291 2133; x_wconf 91' lang='lat' dir='ltr'>habent</span> <span class='ocrx_word' id='word_1_240' title='bbox 336 2103 717 2146; x_wconf 83' lang='lat' dir='ltr'>apparatum-sunt</span> <span class='ocrx_word' id='word_1_241' title='bbox 764 2097 870 2137; x_wconf 91' lang='lat' dir='ltr'>enim</span> <span class='ocrx_word' id='word_1_242' title='bbox 918 2098 1098 2148; x_wconf 87' lang='lat' dir='ltr'>exilia—,</span> <span class='ocrx_word' id='word_1_243' title='bbox 1144 2107 1278 2140; x_wconf 86' lang='lat' dir='ltr'>tamen</span> <span class='ocrx_word' id='word_1_244' title='bbox 1324 2102 1474 2141; x_wconf 87' lang='lat' dir='ltr'>habent</span> 
     </span>
     <span class='ocr_line' id='line_1_32' title="bbox 83 2159 1471 2216; baseline 0.006 -19"><span class='ocrx_word' id='word_1_245' title='bbox 83 2170 124 2203; x_wconf 80' lang='lat'>30</span> <span class='ocrx_word' id='word_1_246' title='bbox 141 2159 321 2199; x_wconf 90' lang='lat' dir='ltr'>ordinem</span> <span class='ocrx_word' id='word_1_247' title='bbox 346 2167 384 2199; x_wconf 89' lang='lat' dir='ltr'>et</span> <span class='ocrx_word' id='word_1_248' title='bbox 413 2162 606 2211; x_wconf 86' lang='lat' dir='ltr'>quasdam</span> <span class='ocrx_word' id='word_1_249' title='bbox 636 2175 761 2202; x_wconf 89' lang='lat' dir='ltr'>errare</span> <span class='ocrx_word' id='word_1_250' title='bbox 789 2162 830 2201; x_wconf 90' lang='lat' dir='ltr'>in</span> <span class='ocrx_word' id='word_1_251' title='bbox 859 2163 1032 2203; x_wconf 90' lang='lat' dir='ltr'>dicendo</span> <span class='ocrx_word' id='word_1_252' title='bbox 1056 2178 1138 2204; x_wconf 90' lang='lat' dir='ltr'>non</span> <span class='ocrx_word' id='word_1_253' title='bbox 1165 2165 1351 2216; x_wconf 87' lang='lat' dir='ltr'>patientis</span> <span class='ocrx_word' id='word_1_254' title='bbox 1378 2167 1471 2206; x_wconf 91' lang='lat' dir='ltr'>vias.</span> 
     </span>
    </p>
   </div>
   <div class='ocr_carea' id='block_1_4' title="bbox 140 2263 1475 2483">
    <p class='ocr_par' dir='ltr' id='par_1_4' title="bbox 140 2263 1475 2483">
     <span class='ocr_line' id='line_1_33' title="bbox 185 2263 1469 2311; baseline 0.007 -18"><span class='ocrx_word' id='word_1_255' title='bbox 185 2271 205 2302; x_wconf 87' lang='grc'>5</span> <span class='ocrx_word' id='word_1_256' title='bbox 227 2263 431 2295; x_wconf 83' lang='lat' dir='ltr'>emendabat</span> <span class='ocrx_word' id='word_1_257' title='bbox 461 2263 524 2295; x_wconf 88' lang='lat' dir='ltr'>OG</span> <span class='ocrx_word' id='word_1_258' title='bbox 608 2275 646 2305; x_wconf 87' lang='lat'>13</span> <span class='ocrx_word' id='word_1_259' title='bbox 671 2266 885 2306; x_wconf 82' lang='lat' dir='ltr'>magnificam</span> <span class='ocrx_word' id='word_1_260' title='bbox 909 2272 944 2299; x_wconf 92' lang='lat' dir='ltr'>et</span> <span class='ocrx_word' id='word_1_261' title='bbox 964 2277 1164 2308; x_wconf 86' lang='lat' dir='ltr'>generosam</span> <span class='ocrx_word' id='word_1_262' title='bbox 1181 2268 1372 2302; x_wconf 82' lang='lat' dir='ltr'>Lambinus</span> <span class='ocrx_word' id='word_1_263' title='bbox 1387 2271 1469 2311; x_wconf 84' lang='lat' dir='ltr'>(coll.</span> 
     </span>
     <span class='ocr_line' id='line_1_34' title="bbox 140 2305 1472 2356; baseline 0.006 -18"><span class='ocrx_word' id='word_1_264' title='bbox 140 2305 231 2338; x_wconf 84' lang='lat' dir='ltr'>Suet.</span> <span class='ocrx_word' id='word_1_265' title='bbox 254 2306 317 2337; x_wconf 87' lang='lat' dir='ltr'>Iul.</span> <span class='ocrx_word' id='word_1_266' title='bbox 338 2308 394 2347; x_wconf 86' lang='lat'>55)</span> <span class='ocrx_word' id='word_1_267' title='bbox 412 2318 419 2338; x_wconf 91' lang='lat'><strong>:</strong></span> <span class='ocrx_word' id='word_1_268' title='bbox 443 2309 625 2347; x_wconf 85' lang='lat' dir='ltr'>magnifica</span> <span class='ocrx_word' id='word_1_269' title='bbox 638 2314 672 2340; x_wconf 88' lang='lat' dir='ltr'>et</span> <span class='ocrx_word' id='word_1_270' title='bbox 686 2319 856 2349; x_wconf 89' lang='lat' dir='ltr'>generosa</span> <span class='ocrx_word' id='word_1_271' title='bbox 870 2309 900 2340; x_wconf 92' lang='lat' dir='ltr'><em>L</em></span> <span class='ocrx_word' id='word_1_272' title='bbox 980 2321 1018 2351; x_wconf 91' lang='lat'>15</span> <span class='ocrx_word' id='word_1_273' title='bbox 1044 2313 1244 2354; x_wconf 86' lang='lat' dir='ltr'>(compluris</span> <span class='ocrx_word' id='word_1_274' title='bbox 1259 2318 1372 2345; x_wconf 85' lang='lat' dir='ltr'>autem</span> <span class='ocrx_word' id='word_1_275' title='bbox 1388 2314 1472 2356; x_wconf 84' lang='lat' dir='ltr'>legi)</span> 
     </span>
     <span class='ocr_line' id='line_1_35' title="bbox 141 2350 1473 2398; baseline 0.008 -18"><span class='ocrx_word' id='word_1_276' title='bbox 141 2373 166 2381; x_wconf 92' lang='lat'>..</span> <span class='ocrx_word' id='word_1_277' title='bbox 176 2373 184 2381; x_wconf 94' lang='lat'><strong>.</strong></span> <span class='ocrx_word' id='word_1_278' title='bbox 194 2350 567 2393; x_wconf 79' lang='lat' dir='ltr'>commentariistangl</span> <span class='ocrx_word' id='word_1_279' title='bbox 606 2382 609 2386; x_wconf 75' lang='grc'><strong><em>,</em></strong></span> <span class='ocrx_word' id='word_1_280' title='bbox 622 2354 662 2383; x_wconf 89' lang='lat'>16</span> <span class='ocrx_word' id='word_1_281' title='bbox 677 2363 762 2393; x_wconf 89' lang='lat' dir='ltr'>quos</span> <span class='ocrx_word' id='word_1_282' title='bbox 779 2354 869 2384; x_wconf 89' lang='lat' dir='ltr'>idem</span> <span class='ocrx_word' id='word_1_283' title='bbox 877 2353 1004 2396; x_wconf 82' lang='lat' dir='ltr'>Stangl</span> <span class='ocrx_word' id='word_1_284' title='bbox 1013 2366 1020 2386; x_wconf 91' lang='lat'><strong>:</strong></span> <span class='ocrx_word' id='word_1_285' title='bbox 1038 2366 1123 2396; x_wconf 92' lang='lat' dir='ltr'>quos</span> <span class='ocrx_word' id='word_1_286' title='bbox 1134 2355 1225 2388; x_wconf 74' lang='lat' dir='ltr'>Bake</span> <span class='ocrx_word' id='word_1_287' title='bbox 1238 2368 1246 2389; x_wconf 90' lang='lat'><strong>:</strong></span> <span class='ocrx_word' id='word_1_288' title='bbox 1265 2358 1429 2398; x_wconf 83' lang='lat' dir='ltr'>quosdam</span> <span class='ocrx_word' id='word_1_289' title='bbox 1442 2358 1473 2390; x_wconf 93' lang='lat' dir='ltr'><em>L</em></span> 
     </span>
     <span class='ocr_line' id='line_1_36' title="bbox 143 2393 1472 2434; baseline 0.008 -11"><span class='ocrx_word' id='word_1_290' title='bbox 143 2393 183 2424; x_wconf 89' lang='lat'>18</span> <span class='ocrx_word' id='word_1_291' title='bbox 199 2394 352 2425; x_wconf 83' lang='lat' dir='ltr'>detracto</span> <span class='ocrx_word' id='word_1_292' title='bbox 365 2394 553 2426; x_wconf 79' lang='lat' dir='ltr'>Lambinus</span> <span class='ocrx_word' id='word_1_293' title='bbox 609 2406 652 2427; x_wconf 88' lang='lat'>20</span> <span class='ocrx_word' id='word_1_294' title='bbox 664 2397 721 2428; x_wconf 86' lang='lat' dir='ltr'>illa</span> <span class='ocrx_word' id='word_1_295' title='bbox 732 2397 849 2428; x_wconf 90' lang='lat' dir='ltr'>volent</span> <span class='ocrx_word' id='word_1_296' title='bbox 861 2397 997 2430; x_wconf 80' lang='lat' dir='ltr'>sueton.</span> <span class='ocrx_word' id='word_1_297' title='bbox 1016 2410 1024 2430; x_wconf 70' lang='grc' dir='ltr'>ε</span> <span class='ocrx_word' id='word_1_298' title='bbox 1047 2399 1166 2431; x_wconf 86' lang='lat' dir='ltr'>volunt</span> <span class='ocrx_word' id='word_1_299' title='bbox 1178 2400 1235 2432; x_wconf 87' lang='lat' dir='ltr'>illa</span> <span class='ocrx_word' id='word_1_300' title='bbox 1248 2400 1277 2431; x_wconf 91' lang='lat' dir='ltr'><em>L</em></span> <span class='ocrx_word' id='word_1_301' title='bbox 1322 2411 1364 2432; x_wconf 79' lang='lat'>22</span> <span class='ocrx_word' id='word_1_302' title='bbox 1380 2403 1472 2434; x_wconf 89' lang='lat' dir='ltr'>enim</span> 
     </span>
     <span class='ocr_line' id='line_1_37' title="bbox 140 2436 1475 2483; baseline 0.008 -16"><span class='ocrx_word' id='word_1_303' title='bbox 140 2441 194 2468; x_wconf 87' lang='lat' dir='ltr'>est</span> <span class='ocrx_word' id='word_1_304' title='bbox 216 2436 331 2468; x_wconf 88' lang='lat' dir='ltr'>BHM</span> <span class='ocrx_word' id='word_1_305' title='bbox 387 2447 430 2478; x_wconf 77' lang='lat'>24</span> <span class='ocrx_word' id='word_1_306' title='bbox 455 2438 605 2471; x_wconf 86' lang='lat' dir='ltr'>Sicinius</span> <span class='ocrx_word' id='word_1_307' title='bbox 616 2440 706 2482; x_wconf 89' lang='lat' dir='ltr'>vulg.</span> <span class='ocrx_word' id='word_1_308' title='bbox 720 2440 831 2482; x_wconf 51' lang='lat' dir='ltr'><em>&lt;colu</em></span> <span class='ocrx_word' id='word_1_309' title='bbox 850 2442 926 2483; x_wconf 83' lang='lat'><strong>264)</strong></span> <span class='ocrx_word' id='word_1_310' title='bbox 943 2453 951 2474; x_wconf 88' lang='lat'>:</span> <span class='ocrx_word' id='word_1_311' title='bbox 975 2442 1123 2475; x_wconf 84' lang='lat' dir='ltr'>Sinicius</span> <span class='ocrx_word' id='word_1_312' title='bbox 1138 2443 1171 2475; x_wconf 82' lang='lat' dir='ltr'><em>F</em></span> <span class='ocrx_word' id='word_1_313' title='bbox 1170 2443 1254 2476; x_wconf 86' lang='lat' dir='ltr'>OG:</span> <span class='ocrx_word' id='word_1_314' title='bbox 1277 2445 1429 2478; x_wconf 83' lang='lat' dir='ltr'>sinucius</span> <span class='ocrx_word' id='word_1_315' title='bbox 1446 2446 1475 2478; x_wconf 89' lang='lat' dir='ltr'><em>C</em></span> 
     </span>
    </p>
   </div>
   <div class='ocr_carea' id='block_1_5' title="bbox 1502 166 1565 200">
    <p class='ocr_par' dir='ltr' id='par_1_5' title="bbox 1502 166 1565 200">
     <span class='ocr_line' id='line_1_38' title="bbox 1502 166 1565 200; baseline 0.032 -2"><span class='ocrx_word' id='word_1_316' title='bbox 1502 166 1565 200; x_wconf 83' lang='lat'>260</span> 
     </span>
    </p>
   </div>
   <div class='ocr_carea' id='block_1_6' title="bbox 1502 409 1563 442">
    <p class='ocr_par' dir='ltr' id='par_1_6' title="bbox 1502 409 1563 442">
     <span class='ocr_line' id='line_1_39' title="bbox 1502 409 1563 442; baseline 0.016 -1"><span class='ocrx_word' id='word_1_317' title='bbox 1502 409 1563 442; x_wconf 87' lang='lat'>261</span> 
     </span>
    </p>
   </div>
   <div class='ocr_carea' id='block_1_7' title="bbox 1498 1121 1559 1154">
    <p class='ocr_par' dir='ltr' id='par_1_7' title="bbox 1498 1121 1559 1154">
     <span class='ocr_line' id='line_1_40' title="bbox 1498 1121 1559 1154; baseline 0.016 -1"><span class='ocrx_word' id='word_1_318' title='bbox 1498 1121 1559 1154; x_wconf 83' lang='lat'>262</span> 
     </span>
    </p>
   </div>
   <div class='ocr_carea' id='block_1_8' title="bbox 1491 1740 1546 1787">
    <p class='ocr_par' dir='ltr' id='par_1_8' title="bbox 1491 1740 1546 1787">
     <span class='ocr_line' id='line_1_41' title="bbox 1491 1740 1546 1787; baseline 0 -10"><span class='ocrx_word' id='word_1_319' title='bbox 1491 1740 1546 1787; x_wconf 90' lang='lat'>76</span> 
     </span>
    </p>
   </div>
   <div class='ocr_carea' id='block_1_9' title="bbox 1496 1799 1560 1840">
    <p class='ocr_par' dir='ltr' id='par_1_9' title="bbox 1496 1799 1560 1840">
     <span class='ocr_line' id='line_1_42' title="bbox 1496 1799 1560 1840; baseline 0.016 -10"><span class='ocrx_word' id='word_1_320' title='bbox 1496 1799 1560 1840; x_wconf 81' lang='lat'>263</span> 
     </span>
    </p>
   </div>
  </div>
 </body>
</html>
