1630 2730
679 123 899 162 BRVTVS
1397 134 1452 172 44

125 232 347 272 Domitium
368 234 574 284 conlegam
595 247 677 272 non
704 241 763 273 est
790 233 926 282 oratio,
949 234 1020 273 sed
1043 233 1155 285 quasi
1175 234 1304 285 capita
1323 249 1452 275 rerum

123 305 162 336 et
181 297 369 337 orationis
388 298 717 338 commentarium
746 301 866 350 paulo
894 299 1060 350 plenius.
1120 301 1241 338 Nulla
1267 307 1326 339 est
1346 300 1452 339 enim

122 363 324 402 altercatio
344 363 582 403 clamoribus
613 378 803 415 umquam
834 364 969 403 habita
999 364 1224 404 maioribus
1285 367 1337 404 Et
1360 379 1453 405 vero

122 427 195 467 suit
214 427 255 466 in
275 429 353 467 hoc
373 428 491 467 etiam
517 429 718 480 popularis
748 430 872 469 dictio
898 431 1094 469 excellens
1109 445 1119 478 ς
1148 430 1301 470 Antoni
1328 444 1453 481 genus

85 498 103 530 5
123 493 283 532 dicendi
303 495 430 533 multo
447 494 577 544 aptius
597 494 752 534 iudiciis
773 508 893 545 quam
914 495 1181 535 contionibus.

178 560 272 598 Hoc
292 560 382 598 loco
402 559 531 610 ipsum
554 559 776 598 Domitium
797 574 879 599 non
899 560 1092 611 relinquo.
1152 562 1257 599 Nam
1278 560 1350 600 etsi
1371 575 1453 601 non
1470 568 1523 608 45

122 623 194 662 fuit
222 623 263 662 in
295 632 493 663 oratorum
532 617 710 673 numero{
747 633 880 664 tamen
914 639 1023 676 pono
1054 625 1147 664 satis
1180 625 1222 664 in
1256 639 1304 666 eo
1333 626 1453 666 fuisse

123 688 309 728 orationis
330 696 449 739 atque
468 689 613 740 ingeni,
635 703 716 740 quo
736 697 775 729 et
794 690 1043 741 magistratus
1064 704 1273 742 personam
1297 699 1336 731 et
1362 705 1453 731 con-

123 755 291 794 sularem
330 754 563 805 dignitatem
602 762 798 804 tueretur3
841 757 951 806 quod
990 755 1097 795 idem
1137 757 1188 796 de
1227 758 1272 797 C.
1314 757 1452 797 Caelio

66 834 104 857 10
123 819 299 867 dixerim,
340 819 571 858 industriam
612 819 653 858 in
701 834 749 859 eo
797 834 992 859 summam
1037 821 1157 860 fuisse
1196 835 1453 872 summasque

122 884 295 931 virtutes,
327 884 578 935 eloquentiae
607 892 774 933 tantum,
806 887 915 936 quod
945 894 1047 925 esset
1076 886 1117 924 in
1146 887 1263 926 rebus
1293 887 1452 938 privatis

122 949 259 988 amicis
296 949 391 997 eius,
423 949 463 987 in
498 963 538 989 re
568 950 729 1000 publica
758 950 880 1001 ipsius
911 951 1093 1002 dignitati
1131 952 1234 991 satis.
1295 954 1451 992 Eodem

122 1022 300 1065 tempore
323 1016 378 1053 M.
403 1014 632 1054 Herennius
651 1015 693 1056 in
714 1015 981 1055 mediocribus
1001 1017 1222 1056 oratoribus
1244 1017 1385 1057 Latine
1414 1025 1453 1058 et

123 1079 330 1130 diligenter
360 1080 615 1130 loquentibus
647 1089 876 1120 numeratus
911 1090 994 1130 est;
1035 1082 1102 1133 qui
1134 1090 1268 1122 tamen
1298 1097 1453 1122 summa

65 1159 103 1190 15
123 1144 328 1184 nobilitate
349 1144 565 1193 hominem,
588 1146 826 1196 cognatione
853 1146 1062 1186 sodalitate
1082 1148 1274 1198 conlegio,
1297 1162 1453 1187 summa

122 1210 239 1250 etiarn
279 1210 516 1261 eloquentia,
558 1213 601 1249 L.
648 1211 875 1262 Philippum
917 1212 958 1250 in
996 1214 1224 1251 consulatus
1261 1212 1452 1263 petitione

121 1275 327 1327 superavit.
388 1277 543 1315 Eodem
573 1284 751 1326 ternpore
772 1278 817 1317 C.
841 1277 1043 1326 Claudius,
1067 1278 1140 1316 etsi
1165 1286 1325 1329 propter
1350 1292 1453 1317 sum-

122 1354 227 1380 mam
266 1340 514 1380 nobilitatem
553 1349 592 1380 et
631 1341 866 1393 singularem
903 1342 1123 1393 potentiam
1158 1357 1324 1394 magnus
1358 1351 1450 1392 erat,

122 1413 255 1446 tamen
275 1406 394 1445 etiam
415 1407 666 1457 eloquentiae
683 1409 885 1458 quandam
906 1408 1219 1448 mediocritatem
1236 1410 1450 1449 adferebat.

63 1486 103 1509 20
124 1471 314 1511 Eiusdem
345 1473 423 1511 fere
451 1472 640 1523 temporis
670 1473 742 1512 fuit
771 1487 892 1524 eques
914 1475 1122 1513 Romanus
1153 1475 1197 1514 C.
1220 1474 1360 1523 Titius,
1383 1475 1452 1526 qui

0 2464 55 2730 i

123 1550 214 1576 meo
243 1537 391 1576 iudicio
420 1551 469 1576 eo
499 1538 723 1588 pervenisse
747 1538 902 1577 videtur
925 1553 1005 1589 quo
1028 1539 1158 1589 potuit
1186 1541 1266 1579 fere
1286 1540 1451 1579 Latinus

122 1610 253 1641 orator
291 1602 375 1641 sine
406 1603 568 1642 Graecis
601 1603 738 1643 litteris
769 1611 808 1643 et
845 1603 931 1643 sine
966 1606 1093 1643 multo
1126 1618 1200 1643 usu
1234 1605 1448 1655 pervenire.

124 1666 258 1705 Huius
289 1667 486 1706 orationes
517 1675 671 1707 tantum
702 1668 952 1718 argutiarum,
981 1676 1136 1708 tantum
1166 1671 1449 1720 exemplorum,

123 1739 277 1785 tanturn
307 1732 539 1771 urbanitatis
571 1734 730 1780 habent,
762 1741 805 1772 ut
839 1747 965 1784 paene
996 1733 1132 1773 Attico
1165 1734 1255 1774 stilo
1285 1734 1452 1786 scriptae

64 1813 103 1846 ²5
122 1811 208 1837 esse
238 1797 455 1837 videantur.
527 1799 700 1838 Easdem
734 1798 903 1849 argutias
936 1798 976 1837 in
1011 1799 1231 1849 tragoedias
1266 1800 1358 1838 satis
1386 1799 1451 1839 ille

121 1863 283 1914 quidem
313 1870 439 1911 acute,
461 1863 532 1902 sed
562 1877 699 1914 parum
729 1863 873 1914 tragice
902 1864 1109 1903 transtulit.
1169 1866 1301 1914 Quem
1322 1866 1452 1905 stude-

121 1929 188 1967 bat
216 1927 358 1966 imitari
389 1929 432 1966 L.
455 1928 641 1967 Afranius
670 1936 799 1979 poeta,
828 1930 950 1968 homo
976 1937 1216 1980 perargutus‚
1239 1929 1278 1968 in
1309 1930 1451 1970 fabulis

120 1993 282 2044 quidem
312 1993 442 2040 etiam,
474 2001 516 2032 ut
540 1993 658 2041 scitis,
689 1994 867 2033 disertus.
928 1994 1018 2033 Fuit
1046 1994 1165 2034 etiam
1196 1996 1245 2045 Q.
1276 1995 1450 2035 Rubrius

122 2060 257 2106 Varro,
279 2058 347 2109 qui
367 2072 390 2097 a
410 2067 549 2098 senatu
575 2059 699 2098 hostis
720 2073 811 2098 cum
834 2060 877 2100 C.
903 2060 1033 2099 Mario
1053 2059 1249 2100 iudicatus
1269 2068 1338 2109 est,
1360 2075 1450 2101 acer

61 2135 103 2169 30
121 2131 160 2163 et
179 2125 394 2163 vehemens
408 2132 625 2172 accusator,
640 2124 680 2162 in
701 2138 748 2163 eo
763 2138 906 2175 genere
922 2138 1016 2164 sane
1036 2125 1261 2176 probabilis.
1296 2127 1449 2166 Doctus

120 2196 252 2228 autem
267 2189 428 2228 Graecis
444 2189 580 2228 litteris
593 2189 839 2240 propinquus
852 2197 995 2238 noster,
1014 2191 1140 2229 factus
1155 2192 1206 2230 ad
1219 2190 1447 2239 dicendum,

165 2303 203 2323 12
228 2286 403 2334 dignitatis
419 2293 448 2324 L
682 2303 730 2334 13,
752 2303 790 2333 14
817 2294 936 2325 Latine
955 2318 962 2325 .
979 2317 986 2326 .
1008 2319 1015 2326 .
1036 2293 1253 2334 loquentibus
1269 2295 1336 2326 secl.
1349 2293 1449 2336 Kraf-

109 2336 180 2376 sert
311 2347 347 2377 17
373 2338 512 2369 Clodius
537 2337 566 2368 L
717 2339 755 2368 18
781 2338 967 2377 potentiam
995 2337 1048 2370 L:
1084 2339 1302 2378 prudentiam
1328 2338 1453 2380 Campe

118 2385 316 2455 33⁹2?er
332 2382 566 2422 exemplorum
592 2381 660 2413 sccl.
681 2381 810 2422 Kayser
938 2391 977 2420 31
1003 2382 1111 2414 sactus
1128 2381 1180 2413 L:
1206 2387 1306 2414 natus
1331 2383 1452 2414 maluit

1474 132 1536 174 164

1474 372 1534 414 165

1474 956 1536 988 166

1474 1481 1535 1522 167

1472 2003 1533 2036 168
