1696 2730
455 172 838 211 PARTITIONES
877 172 1213 212 ORATORIAE
1452 183 1504 212 22
1524 178 1565 223 76

168 284 398 335 appellatur,
418 284 516 323 haec
534 284 699 323 scientia
718 285 840 335 pollet
859 297 949 323 una.
1004 287 1118 335 Quae
1138 298 1230 323 vero
1251 285 1504 324 moderandis

167 348 450 399 cupiditatibus
475 349 737 400 regendisque
762 349 885 388 animi
914 349 1088 389 motibus
1114 351 1306 398 laudatur,
1333 349 1416 389 eius
1445 358 1504 390 est

169 427 312 453 munus
340 413 381 452 in
409 416 565 465 agendo
581 429 592 463 ;
631 415 695 454 cui
729 415 1012 465 temperantiae
1045 428 1194 454 nomen
1225 422 1296 454 est.
1371 417 1504 466 Atque

167 478 233 518 illa
266 479 476 530 prudentia
505 479 545 518 in
575 480 656 519 suis
687 481 803 520 rebus
834 480 1064 528 domestica,
1100 480 1140 518 in
1179 479 1347 531 publicis
1381 480 1504 520 civilis

130 555 149 588 5
166 544 355 595 appellari
382 546 492 584 solet.
551 545 832 596 Temperantia
858 553 991 584 autem
1020 545 1061 584 in
1090 559 1180 584 suas
1208 545 1346 584 itidem
1375 559 1435 585 res
1465 553 1503 585 et
1525 557 1564 592 77

166 609 206 648 in
245 623 478 650 communes
515 610 725 650 distributa
761 618 820 650 est
857 612 1096 661 duobusque
1134 610 1264 650 modis
1301 610 1342 649 in
1386 611 1503 650 rebus

167 675 390 714 commodis
433 675 614 724 cernitur,
655 684 694 715 et
736 689 783 715 ea
821 689 923 727 quae
964 676 1110 715 absunt
1154 689 1236 715 non
1280 678 1504 726 expetendo

167 748 206 780 et
235 741 286 780 ab
318 740 373 780 eis
404 753 507 791 quae
543 741 584 780 in
622 749 817 793 potestate
855 749 946 780 sunt
979 741 1229 780 abstinendo.
1301 743 1349 780 In
1388 743 1505 781 rebus

169 804 335 859 [autem]
356 805 622 846 incommodis
643 815 702 846 est
721 807 859 847 itidem
879 808 1026 858 duplex
1044 823 1052 846 :
1081 821 1174 845 nam
1195 820 1298 857 quae
1317 806 1506 846 venienti-

109 884 151 908 ιο
168 872 243 910 bus
277 872 389 911 malis
423 873 564 920 obstat,
599 872 799 920 fortitudo,
833 886 935 923 quae
969 873 1078 923 quod
1108 871 1187 911 iam
1220 873 1333 911 adest
1366 874 1505 911 tolerat

166 944 206 976 et
243 939 396 988 perfert,
437 938 626 990 patientia
663 937 899 977 nominatur.
959 939 1074 987 Quae
1115 945 1248 976 autem
1287 939 1385 977 haec
1423 951 1504 976 uno

165 1015 308 1052 genere
346 1003 631 1055 complectitur,
666 1002 897 1054 magnitudo
930 1002 1053 1042 animi
1091 1002 1260 1051 dicitur;
1300 1003 1411 1042 cuius
1445 1011 1504 1042 est

165 1066 376 1108 liberalitas
396 1069 436 1108 in
457 1083 530 1108 usu
550 1068 743 1119 pecuniae
772 1067 969 1118 simulque
997 1067 1165 1107 altitudo
1187 1067 1310 1106 animi
1339 1068 1378 1106 in
1403 1069 1505 1119 capi-

165 1133 279 1172 endis
312 1133 578 1174 incommodis
609 1142 648 1173 et
679 1133 848 1172 maxime
881 1132 1030 1172 iniuriis
1063 1140 1102 1172 et
1140 1147 1260 1172 omne
1297 1135 1407 1184 quod
1445 1142 1504 1173 est

109 1209 146 1242 ¹5
165 1197 249 1237 eius
279 1199 432 1249 generis
466 1198 597 1253 [grave
627 1200 809 1238 sedatum
840 1212 922 1237 non
956 1196 1255 1251 turbulentum}
1316 1200 1364 1237 In
1398 1212 1504 1238 com·
1524 1207 1563 1248 78

166 1263 355 1303 munione
380 1273 512 1304 autem
542 1278 644 1315 quae
670 1264 799 1315 posita
823 1277 912 1315 pars
939 1271 1008 1310 est,
1031 1263 1177 1302 iustitia
1205 1263 1349 1302 dicitur
1376 1277 1503 1315 eaque

164 1341 254 1380 erga
274 1330 371 1368 deos
391 1330 537 1381 religio,
552 1343 642 1380 erga
661 1337 843 1380 parentes
862 1329 987 1380 pietas
1009 1327 1143 1382 [vulgo
1162 1336 1295 1368 autem
1312 1327 1500 1382 bonitas]‚

164 1394 322 1434 creditis
355 1394 396 1433 in
433 1395 550 1434 rebus
588 1396 701 1443 fides,
731 1395 771 1433 in
809 1394 1082 1434 moderatione
1119 1394 1241 1433 animi
1271 1394 1503 1434 advertendi

165 1459 316 1507 lenitas,
355 1460 528 1499 amicitia
564 1459 605 1498 in
643 1459 920 1499 benevolentia
957 1459 1193 1499 nominatur.
1260 1462 1394 1510 Atque
1428 1461 1503 1499 hae
1521 1469 1572 1507 23

107 1523 328 1574 nequidem
367 1524 527 1564 virtutes
558 1533 771 1564 cernuntur
803 1524 844 1562 in
875 1526 1041 1575 agendo.
1100 1526 1200 1564 Sunt
1232 1532 1366 1564 autem
1403 1524 1503 1564 aliae

165 1590 278 1640 quasi
298 1590 498 1629 ministrae
526 1590 772 1640 comitesque
800 1589 1017 1640 sapientiae
1033 1604 1044 1638 ς
1072 1603 1238 1640 quarum
1262 1591 1383 1629 altera
1401 1604 1503 1641 quae

163 1654 242 1694 sint
270 1655 310 1694 in
340 1655 581 1706 disputando
610 1669 700 1695 vera
727 1663 846 1706 atque
874 1657 971 1694 falsa
990 1655 1216 1706 quibusque
1238 1655 1376 1706 positis
1405 1655 1503 1706 quid

163 1728 350 1771 sequatur
378 1720 582 1772 distinguit
611 1728 650 1760 et
670 1720 828 1769 iudicat,
851 1734 953 1771 quae
980 1720 1102 1759 virtus
1129 1720 1258 1759 omnis
1283 1720 1324 1758 in
1350 1720 1502 1760 ratione

163 1785 407 1836 scientiaque
426 1786 655 1837 disputandi
675 1786 749 1825 sita
768 1791 837 1833 es't,
859 1787 981 1825 altera
999 1793 1132 1824 autem
1153 1785 1331 1825 oratoria.
1390 1785 1502 1826 Nihil
1522 1795 1562 1831 79

106 1865 146 1898 ²5
163 1858 222 1889 est
252 1850 357 1890 enim
392 1850 500 1890 aliud
530 1851 758 1902 eloquentia
788 1850 863 1890 nisi
891 1850 1053 1902 copiose
1085 1853 1254 1901 loquens
1285 1851 1502 1902 sapientia;

162 1929 266 1966 quae
284 1929 332 1955 ex
351 1917 493 1955 eodem
516 1917 656 1955 hausta
677 1930 834 1967 genere,
853 1930 935 1967 quo
963 1915 1029 1955 illa
1056 1930 1157 1967 quae
1184 1916 1225 1955 in
1245 1916 1502 1967 disputando,

162 1988 222 2019 est
254 1981 412 2020 uberior
440 1989 561 2032 atque
595 1981 709 2020 latior
741 1989 780 2020 et
812 1983 864 2020 ad
894 1988 1026 2020 motus
1059 1981 1282 2020 animorum
1316 1981 1501 2033 vulgique

163 2059 301 2085 sensus
338 2046 687 2086 accommodatior.
765 2048 911 2087 Custos
952 2060 1045 2086 vero
1088 2047 1275 2086 virtutum
1320 2047 1499 2086 omnium

162 2113 338 2151 dedecus
358 2112 510 2163 fugiens
531 2114 770 2163 laudemque
795 2112 966 2152 maxime
991 2126 1241 2163 consequens
1264 2112 1501 2152 verecundia

104 2189 146 2222 30
162 2184 231 2216 est.
290 2179 423 2227 Atque
461 2177 501 2216 hi
544 2177 706 2228 quidem
745 2185 836 2216 sunt
874 2179 954 2217 fere
991 2178 1103 2228 quasi
1140 2178 1303 2228 quidam
1342 2177 1501 2217 habitus

162 2241 283 2280 animi
303 2241 359 2281 sic
378 2241 523 2281 adfecti
543 2250 582 2282 et
602 2242 816 2290 constituti,
835 2250 878 2281 ut
897 2242 974 2282 sint
993 2242 1135 2294 singuli
1155 2243 1255 2282 inter
1274 2256 1316 2282 se
1341 2242 1501 2294 proprio

207 2356 228 2386 3
251 2347 304 2378 cui
319 2346 410 2387 vulg.
429 2359 437 2379 ε
467 2357 534 2387 quo
550 2346 603 2379 P:
623 2347 770 2387 fortasse
784 2346 960 2388 legendum
977 2347 1057 2388 quoi
1188 2348 1210 2378 6
1233 2347 1266 2378 in
1290 2346 1390 2378 rebus
1411 2357 1500 2378 corn-

166 2390 274 2426 modis
291 2401 358 2423 om.
378 2390 413 2422 P
518 2401 540 2431 9
562 2396 676 2422 autem
693 2401 759 2423 om.
777 2390 812 2422 P
923 2401 960 2432 15
984 2401 1087 2431 grave
1102 2415 1111 2423 .
1132 2414 1140 2423 .
1157 2415 1164 2423 .
1184 2391 1413 2422 turbulentum
1429 2390 1499 2422 secl.

166 2432 377 2466 Lambinus:
402 2444 470 2466 non
488 2434 719 2466 turbulentum
735 2445 802 2466 om.
819 2434 853 2466 P
984 2445 1021 2476 17
1044 2434 1146 2476 vulgo
1162 2438 1274 2467 autem
1292 2434 1424 2466 bonitas
1441 2434 1500 2466 del.

166 2475 293 2509 sctum
