1630 2730
104 124 150 197 '9
171 165 212 198 35
543 148 601 186 M.
632 148 803 186 TVLLr
833 147 1143 188 CICERONrs

173 261 491 300 Demosthenem
511 258 625 298 facile
645 258 800 298 dixeris.
858 258 970 298 Nihil
993 265 1109 297 acute
1132 256 1299 297 inveniri
1318 255 1448 308 potuit
1467 255 1509 296 in

171 326 227 365 eis
257 324 386 364 causis
415 338 514 376 quas
543 324 709 376 scripsit,
738 323 848 372 nihil,
873 331 918 362 ut
945 323 1000 362 ita
1028 323 1170 371 dicam,
1200 323 1380 370 subdole,
1410 321 1509 361 nihil

170 399 337 438 versute,
369 392 480 441 quod
511 390 577 429 ille
611 403 693 429 non
721 389 887 438 viderit,
930 388 1028 428 nihil
1062 388 1257 427 subtiliter
1287 387 1377 436 dici,
1409 387 1509 426 nihil

170 470 316 508 presse,
347 456 446 494 nihil
479 457 697 502 enucleate,
729 469 810 505 quo
844 454 928 499 fieri
965 453 1092 505 possit
1123 453 1275 504 aliquid
1307 452 1508 503 limatius;

170 522 270 561 nihil
296 529 435 561 contra
457 522 618 572 grande,
641 520 741 559 nihil
767 520 987 567 incitatum,
1009 519 1108 558 nihil
1135 527 1319 558 ornatum
1345 520 1408 558 vel
1427 532 1509 558 ver·
1527 532 1546 565 5

170 589 314 628 borum
361 587 551 638 gravitate
588 588 651 626 vel
692 586 989 633 sententiarum,
1031 599 1112 636 quo
1150 584 1365 635 quicquam
1405 591 1510 624 esset

110 658 151 699 36
173 653 323 693 elatius.
396 652 506 691 Huic
539 651 765 703 Hyperides
799 651 1002 703 proximus
1022 655 1079 690 'et
1109 649 1332 689 Aeschines
1365 649 1438 689 fuit
1471 657 1510 690 et

172 722 374 770 Lycurgus
409 726 449 758 et
482 718 706 757 Dinarchus
740 725 779 757 et
809 717 852 765 is,
884 717 997 756 cuius
1031 718 1140 755 nulla
1169 722 1324 755 exstant
1352 714 1507 766 scripta,

173 786 375 824 Demades
414 783 560 834 aliique
594 785 735 834 plures.
798 784 913 822 Haec
937 781 1054 831 ,enim
1092 789 1199 821 aetas
1233 779 1372 820 effudit
1405 781 1509 818 hanc

170 850 328 902 copiam
345 864 364 898 ;’
383 858 432 898 et,
455 857 498 888 ut
519 848 657 900 opinio
685 862 774 887 mea
797 849 880 895 fert,
904 861 1022 886 sucus
1049 847 1114 886 ille
1137 854 1177 886 et
1202 845 1362 896 sanguis
1384 845 1510 884 incor-
1530 859 1571 883 ιο

171 924 309 967 ruptus
325 929 452 967 usque
466 916 518 954 ad
539 917 643 954 hanc
662 922 832 953 aetatem
849 921 1049 952 oratorum
1070 913 1157 961 fuit,
1168 912 1210 951 in
1225 925 1304 963 qua
1323 910 1510 950 naturalis

111 992 151 1027 37
173 982 330 1029 inesset,
345 995 427 1020 non
443 982 598 1019 fucatus
618 979 731 1018 nitor.
783 980 996 1018 Phalereus
1013 978 1120 1018 enim
1136 977 1325 1017 successit
1340 976 1396 1016 eis
1411 976 1511 1016 seni-

172 1049 247 1087 bus
279 1049 514 1086 adulescens
544 1044 833 1085 eruditissimus
861 1044 926 1083 ille
953 1043 1117 1095 quidem
1146 1045 1289 1083 horum
1315 1042 1507 1090 omnium,

172 1114 243 1153 sed
263 1126 346 1152 non
373 1119 454 1150 tam
480 1110 599 1150 armis
627 1110 830 1149 institutus
857 1123 977 1161 quam
1006 1111 1210 1160 palaestra.
1274 1110 1416 1159 Itaque
1444 1108 1510 1147 de-

171 1179 344 1217 lectabat
381 1176 505 1228 magis
544 1175 801 1215 Atheniensis
836 1189 956 1226 quam
994 1175 1279 1214 inflammabat.
1351 1175 1510 1212 Proces-
1531 1185 1569 1218 15

174 1252 277 1284 serat
297 1243 404 1283 enirn
426 1243 466 1281 in
493 1244 619 1282 solem
642 1249 682 1280 et
708 1243 922 1293 pulverem,
945 1254 1027 1280 non
1048 1248 1091 1280 ut
1110 1254 1132 1280 e
1152 1239 1309 1279 militari
1333 1239 1511 1278 taberna-

175 1311 282 1358 culo,
301 1310 372 1348 sed
398 1316 442 1347 ut
470 1322 493 1347 e
517 1307 784 1358 Theophrasti
810 1306 1031 1346 doctissimi
1055 1305 1229 1345 hominis
1255 1304 1507 1344 umbraculis.

113 1381 153 1419 38
176 1375 259 1414 Hic
285 1375 435 1426 primus
461 1374 612 1413 inflexit
639 1373 859 1412 orationem
886 1380 926 1412 et
949 1386 1038 1414 eam
1068 1373 1230 1411 mollem
1253 1378 1511 1420 teneramque

174 1441 349 1481 reddidit
379 1448 419 1479 et
453 1439 594 1487 suavis,
626 1439 728 1478 sicut
761 1439 846 1487 fuit,
877 1438 1002 1478 videri
1035 1437 1174 1477 maluit
1204 1450 1325 1488 quam
1358 1435 1511 1487 gravis;

173 1508 246 1546 sed
274 1506 467 1545 suavitate
496 1519 553 1553 ea,
579 1519 659 1556 qua
687 1506 942 1556 perfunderet
970 1493 1137 1551 animos,
1163 1517 1246 1542 non
1274 1516 1354 1553 qua
1379 1501 1504 1553 perfri-
1531 1513 1571 1536 20

174 1580 321 1624 ngeret,
349 1570 420 1625 [et]
451 1579 606 1610 tantum
633 1578 677 1609 ut
706 1570 939 1610 memoriam
968 1568 1247 1609 concinnitatis
1276 1581 1381 1616 suae,
1412 1581 1507 1615 non,

173 1651 295 1689 quem
315 1639 366 1677 ad
392 1638 557 1676 modum
585 1638 636 1676 de
663 1636 813 1675 Pericle
842 1635 997 1687 scripsit
1024 1634 1200 1686 Eupolis,
1222 1647 1315 1673 cum
1342 1635 1512 1673 delecta-

176 1703 285 1743 tione
313 1704 474 1742 aculeos
503 1702 622 1741 etiam
652 1701 891 1752 relinqueret
916 1702 957 1740 in
985 1700 1129 1740 animis
1158 1713 1296 1739 eorum
1319 1713 1343 1738 a
1366 1698 1510 1750 quibus

174 1777 278 1809 esset
297 1769 469 1808 auditus.

108 1834 156 1862 10
229 1834 407 1874 Videsne
433 1834 549 1885 igitur
574 1835 636 1873 vel
660 1833 702 1872 in
727 1847 775 1873 ea
800 1832 886 1885 ipsa
913 1833 1020 1881 urbe,
1044 1831 1085 1871 in
1105 1845 1184 1883 qua
1204 1838 1243 1871 et
1263 1837 1356 1870 nata
1374 1837 1414 1870 et
1432 1831 1512 1870 alta
1531 1842 1570 1876 25

115 1894 156 1927 39
176 1900 226 1939 sit
245 1899 485 1950 eloquentia,
501 1913 622 1950 quam
642 1913 690 1938 ea
709 1912 797 1938 sero
817 1898 1007 1950 prodierit
1026 1898 1068 1937 in
1088 1900 1217 1937 lucem
1231 1899 1249 1936 ?
1290 1896 1331 1936 Si
1345 1896 1510 1947 quidem

175 1974 268 2004 ante
288 1965 446 2004 Solonis
466 1972 638 2004 aetatem
658 1972 697 2003 et
718 1964 909 2003 Pisistrati
929 1965 980 2003 de
1000 1965 1111 2003 nullo
1131 1971 1175 2002 ut
1195 1962 1342 2002 diserto
1362 1975 1511 2001 memo-

175 2031 254 2070 riae
280 2030 482 2082 proditum
512 2038 581 2069 est.
641 2032 694 2069 At
714 2030 755 2068 hi
775 2029 951 2080 quidem,
974 2037 1017 2068 ut
1043 2028 1180 2081 populi
1202 2027 1376 2068 Romani
1401 2035 1510 2067 aetas

174 2104 247 2145 est,
260 2110 385 2144 senes,
401 2103 444 2135 ut
457 2096 763 2135 Atheniensium
780 2098 937 2135 saecula
952 2103 1222 2143 numerantur,
1234 2095 1510 2134 adulescentes

175 2163 325 2201 debent
346 2161 479 2201 videri.
539 2163 645 2200 Nam
672 2161 746 2200 etsi
766 2161 902 2200 Servio
922 2160 1056 2200 Tullio
1081 2167 1269 2211 regnante
1289 2159 1508 2210 viguerunt,
1528 2170 1572 2203 30

175 2235 310 2266 tamen
340 2229 467 2266 multo
495 2226 644 2266 diutius
674 2228 857 2266 Athenae
885 2226 965 2265 iam
993 2233 1105 2265 erant
1137 2239 1258 2276 quam
1289 2232 1349 2264 est
1378 2227 1512 2264 Roma

219 2342 239 2363 2
263 2331 316 2362 his
329 2331 361 2361 Β
371 2330 422 2361 ¹H
526 2341 547 2370 3
571 2331 650 2361 dicit
667 2330 789 2361 maluit
802 2330 975 2361 Eberhard
1074 2330 1096 2360 6
1120 2333 1211 2360 esset
1228 2329 1257 2359 L
1273 2331 1302 2359 et
1317 2327 1511 2360 Charisius:

175 2380 290 2407 exstet
304 2374 430 2415 Stangl
545 2384 581 2406 11
607 2375 641 2405 in
652 2385 720 2414 quo
734 2374 944 2405 maluitReiz
1044 2383 1082 2413 14
1105 2373 1297 2413 palaestrae
1323 2372 1512 2404 Lambinus

176 2430 215 2450 21
242 2424 277 2451 et
292 2419 362 2450 secl.
381 2418 560 2449 Manutius
691 2428 733 2458 25
757 2418 812 2450 vel
826 2418 1038 2459 Heusinger:
1060 2422 1096 2449 ut
1112 2416 1142 2447 L
1158 2428 1166 2448 ι
1189 2417 1294 2448 Brute
1311 2415 1449 2447 Martha
