1696 2730
164 161 222 210 63
243 159 304 209 2r5
598 160 655 199 M.
696 156 867 199 TVLLI
907 158 1218 200 CICERONIS

238 271 423 317 oportet3
451 264 624 317 primum
653 264 761 305 enim
790 277 978 303 numerus
1007 263 1246 315 agnoscitur,
1275 262 1422 303 deinde
1451 262 1576 312 satiat,

237 339 377 383 postea
396 330 555 382 cognita
574 329 762 370 facilitate
781 329 1060 369 contemnitur.

163 402 219 451 64
292 398 373 437 Sed
407 404 499 436 sunt
536 397 736 436 clausulae
769 397 911 447 plures,
947 409 1050 446 quae
1084 408 1295 435 numerose
1333 402 1372 434 et
1404 394 1579 435 iucunde

237 464 394 503 cadant.
453 464 559 502 Nam
580 469 619 502 et
642 461 821 510 creticus,
844 460 992 513 qui'est
1012 475 1034 501 e
1054 463 1174 512 longa
1196 468 1236 500 et
1260 460 1371 500 brevi
1389 467 1428 500 et
1447 461 1578 512 longa,

237 535 277 568 et
305 527 389 568 eius
418 527 595 579 aequalis
623 540 761 578 paean,
785 527 854 578 qui
880 526 1007 578 spatio
1033 540 1104 578 par
1132 533 1201 574 est,
1234 526 1385 577 syllaba
1412 525 1576 578 longior,
1600 541 1619 575 5

238 607 359 645 quam
386 593 710 633 commodissime
734 599 894 644 putatur
912 592 953 632 in
974 594 1145 632 solutam
1171 591 1391 632 orationem
1415 590 1579 643 inligari,

238 673 331 699 cum
351 659 401 699 sit
421 660 577 710 duplex.
624 660 731 698 Nam
750 665 818 698 aut
838 672 861 698 e
879 660 999 710 longa
1018 665 1077 698 est
1097 665 1136 697 et
1155 657 1280 697 tribus
1299 657 1496 705 brevibus,
1511 656 1581 708 qui

238 739 426 765 numerus
460 725 501 763 in
530 724 658 776 primo
687 724 803 776 viget,
833 724 935 764 iacet
965 724 1007 763 in
1036 731 1224 772 extremo,
1259 731 1328 763 aut
1360 737 1383 763 e
1413 723 1581 763 totidem

237 791 424 831 brevibus
445 798 484 830 et
503 792 633 841 longa,
650 788 726 844 [in]
749 804 869 841 quem
890 790 1041 841 optime
1061 791 1203 829 cadere
1223 796 1388 829 censent
1406 796 1557 829 veteres
1572 802 1583 837 3

156 859 220 893 216
238 870 313 908 ego
343 870 427 896 non
459 858 577 907 plane
608 855 740 904 reicio,
769 857 841 895 sed
872 855 970 895 alios
1000 863 1214 907 antepono.
1285 857 1349 895 Ne
1379 856 1582 907 spondeus
1602 870 1643 894 10

238 921 403 973 quidem
435 921 614 961 funditus
645 929 705 961 est
733 921 1017 973 repudiandus,
1049 921 1133 970 etsi,
1165 922 1276 972 quod
1306 928 1366 961 est
1399 935 1422 961 e
1454 919 1583 971 longis

238 987 407 1036 duabus,
429 987 612 1026 hebetior
629 987 787 1027 videtur
815 994 855 1026 et
883 987 1058 1036 tardior3
1087 987 1209 1027 habet
1237 994 1373 1026 tamen
1399 986 1583 1026 stabilem

239 1054 442 1104 quendam
469 1060 508 1092 et
537 1066 620 1092 non
648 1060 849 1104 expertem
879 1052 1082 1104 dignitatis
1110 1054 1289 1104 gradum,
1315 1052 1357 1091 in
1385 1051 1585 1092 incisioni-

238 1119 314 1158 bus
347 1132 440 1158 vero
472 1120 599 1158 multo
633 1118 757 1169 magis
792 1125 831 1158 et
868 1118 910 1157 in
945 1118 1162 1168 membris3
1200 1117 1443 1170 paucitatem
1473 1117 1582 1158 enim

238 1186 389 1235 pedum
409 1183 598 1235 gravitate
618 1197 690 1224 sua
709 1191 749 1224 et
775 1184 959 1224 tarditate
988 1191 1234 1236 compensat.
1292 1185 1372 1224 Sed
1391 1185 1467 1224 hos
1487 1197 1580 1223 cum
1602 1196 1640 1230 15

239 1250 280 1289 in
311 1249 497 1290 clausulis
531 1251 654 1301 pedes
687 1249 866 1299 nomino,
897 1264 979 1290 non
1012 1252 1156 1301 loquor
1189 1251 1240 1290 de
1270 1263 1352 1290 uno
1386 1250 1491 1301 pede
1520 1262 1583 1289 ex-

241 1323 392 1356 tremo:
422 1315 609 1367 adiungo,
631 1317 742 1367 quod
762 1315 972 1356 minimum
1000 1316 1060 1365 sit,
1082 1315 1306 1367 proximum
1327 1315 1585 1367 superiorem,

160 1391 222 1429 2¹7
242 1395 362 1432 saepe
391 1381 510 1421 etiam
540 1381 710 1421 tertium.
770 1383 834 1421 Ne
862 1381 1018 1421 iambus
1045 1381 1221 1433 quidem,
1249 1380 1317 1432 qui
1340 1388 1401 1420 est
1426 1395 1449 1421 e
1475 1380 1585 1420 brevi

241 1454 280 1486 et
299 1449 428 1498 longa,
450 1454 518 1486 aut
542 1461 614 1498 par
637 1448 784 1487 choreo
808 1447 877 1498 qui
897 1448 1018 1487 habet
1038 1447 1104 1487 tris
1134 1446 1262 1487 brevis
1284 1447 1490 1494 trochaeus,
1512 1447 1584 1486 sed

241 1512 369 1564 spatio
389 1526 470 1564 par,
491 1526 574 1552 non
595 1512 765 1563 syllabis,
787 1520 855 1552 aut
884 1513 1003 1553 etiam
1030 1514 1221 1564 dactylus,
1244 1512 1313 1563 qui
1339 1520 1399 1552 est
1424 1525 1446 1552 e
1466 1513 1585 1563 longa
1603 1520 1645 1545 20

242 1585 281 1617 et
319 1579 475 1618 duabus
513 1578 711 1627 brevibus,
745 1578 777 1617 si
811 1586 870 1618 est
902 1579 1104 1630 proximus
1138 1592 1162 1618 a
1194 1586 1408 1629 postremo,
1443 1591 1583 1629 parum

242 1643 468 1683 volubiliter
496 1643 674 1694 pervenit
703 1645 755 1683 ad
783 1651 1014 1692 extremum,
1039 1644 1070 1683 si
1100 1651 1159 1683 est
1188 1650 1386 1683 extremus
1414 1644 1583 1683 choreus

242 1717 311 1749 aut
339 1710 543 1760 spondeus
557 1724 567 1758 5
602 1723 823 1760 numquam
855 1709 962 1749 enim
992 1709 1155 1749 interest
1183 1716 1270 1748 uter
1300 1708 1349 1748 sit
1377 1721 1516 1748 eorum
1544 1708 1585 1748 in

244 1776 348 1826 pede
377 1782 564 1815 extremo.
624 1776 707 1815 Sed
733 1775 841 1814 idem
871 1774 912 1814 hi
941 1782 1018 1814 tres
1047 1776 1170 1826 pedes
1198 1776 1301 1814 male
1324 1775 1583 1823 concludunt,

244 1840 276 1879 si
297 1840 385 1891 quis
415 1854 553 1880 eorum
580 1840 620 1879 in
650 1848 826 1881 extremo
855 1843 1007 1881 locatus
1035 1848 1105 1890 est,
1127 1840 1204 1880 nisi
1229 1854 1321 1880 cum
1347 1853 1419 1891 pro
1439 1840 1585 1880 cretico
1605 1854 1644 1887 25

244 1913 469 1956 postremus
508 1914 567 1945 est
605 1907 785 1957 dactylus
802 1921 813 1956 3
853 1906 952 1946 nihil
986 1907 1094 1946 enim
1127 1906 1290 1946 interest
1323 1907 1503 1957 dactylus
1537 1906 1586 1946 sit

245 1980 442 2012 extremus
463 1986 513 2012 an
534 1972 714 2021 creticus,
737 1972 830 2024 quia
849 1981 1050 2024 postrema
1073 1974 1223 2024 syllaba
1249 1971 1378 2012 brevis
1397 1985 1449 2011 an
1469 1973 1587 2023 longa

163 2042 226 2073 218
246 2038 296 2078 sit
324 2052 375 2077 ne
404 2038 445 2077 in
474 2052 588 2078 versu
618 2038 782 2089 quidem
812 2040 939 2078 refert.
999 2040 1092 2089 Qua
1120 2053 1161 2078 re
1190 2038 1309 2078 etiam
1338 2051 1490 2089 paeana
1519 2036 1587 2088 qui

176 2147 178 2149 ,
246 2103 344 2144 dixit
372 2103 576 2155 aptiorem,
609 2103 650 2142 in
680 2118 760 2155 quo
790 2112 894 2145 esset
922 2106 1041 2156 longa
1069 2112 1280 2156 postrema,
1307 2102 1406 2143 vidit
1433 2116 1584 2155 pamm,

1684 1425 1696 1466 Ξ

1684 1470 1696 1514 21³

1683 1508 1696 1555 ’.ἐ

290 2219 311 2248 4
335 2208 460 2239 cadant
476 2207 526 2239 L:
551 2209 679 2240 cadunt
697 2208 789 2239 Bake
928 2218 948 2249 5
972 2202 1046 2241 eius
1063 2210 1092 2241 L
1108 2220 1116 2241 ε
1140 2209 1171 2240 ei
1187 2208 1314 2249 Stangl
1442 2208 1464 2238 6
1486 2217 1587 2247 quarn

246 2252 358 2293 vulg:
393 2253 451 2292 qui
477 2251 570 2283 FPO
596 2253 766 2292 Rufinus:
802 2253 858 2284 vel
888 2252 1015 2294 Stangl
1172 2253 1193 2283 8
1217 2263 1236 2283 e
1252 2251 1427 2292 Rufinus:
1459 2262 1526 2283 om.
1557 2250 1587 2282 L

247 2306 268 2335 9
284 2296 318 2326 in
336 2296 387 2328 L:
413 2307 478 2327 om.
499 2295 652 2335 Rufinus
789 2306 827 2336 15
849 2297 1014 2337 gravitate
1033 2307 1094 2328 sua
1111 2300 1146 2327 et
1165 2295 1207 2327 ΟΞ
1221 2295 1390 2336 Rufinus:
1407 2294 1587 2335 gravitatis

247 2344 345 2370 suaet
374 2339 422 2371 F:
456 2340 630 2379 gravitatis
660 2350 742 2371 suae
764 2340 818 2372 P:
851 2341 1027 2381 gravitatis
1049 2350 1111 2372 sue
1137 2339 1182 2370 0¹
1318 2349 1356 2380 17
1379 2339 1425 2371 sit
1447 2339 1500 2370 L:
1534 2342 1588 2370 est

248 2383 370 2413 maluit
391 2382 518 2424 Stangl
661 2393 701 2424 19
725 2384 910 2416 trochaeus
932 2384 1104 2425 Rufinus:
1128 2394 1195 2415 om.
1213 2383 1243 2415 L
1385 2393 1428 2422 24
1453 2381 1587 2414 conclu-

248 2426 374 2457 duntur
388 2427 539 2466 Rufinus
