1630 2730
663 184 883 224 BRVTVS
1400 192 1445 233 15
1464 190 1508 223 60

109 297 274 338 fortasse
304 299 462 345 multos,
493 296 694 337 oblivione
721 296 928 336 obruisset.
993 295 1107 335 Illius
1136 303 1270 335 autem
1303 296 1442 336 aetatis

110 363 179 414 qui
199 376 329 403 sermo
348 363 463 403 fuerit
482 377 530 403 ex
550 362 764 402 Naevianis
783 361 938 413 scriptis
964 361 1138 413 intellegi
1162 369 1305 412 potest.
1364 362 1442 401 His

110 429 217 469 enim
237 429 479 478 consulibus,
501 436 544 468 ut
563 429 604 468 in
623 428 822 468 veteribus
843 427 1137 468 commentariis
1157 427 1347 479 scriptum
1367 435 1437 475 est,

111 494 286 534 Naevius
306 502 365 534 est
385 503 588 543 mortuus;
617 507 860 545 quamquam
880 495 1006 532 Varro
1031 500 1166 533 noster
1193 492 1442 544 diligentissi-

18 580 33 599 ἡ
72 570 91 603 5
111 573 199 599 mus
218 559 472 611 investigator
490 559 734 610 antiquitatis
758 566 870 610 putat
890 558 931 598 in
951 559 1029 598 hoc
1049 566 1219 598 erratum
1238 557 1441 608 vitamque

27 616 29 618 ’
111 624 238 664 Naevi
257 624 441 675 producit
459 624 626 676 longius.
677 626 783 663 Nam
805 626 967 663 Plautus
988 626 1030 663 P.
1047 623 1218 664 Claudio
1239 625 1282 662 L.
1299 623 1442 663 Porcio

109 689 247 741 viginti
275 690 390 729 annis
418 698 508 741 post
535 689 624 730 illos
647 703 748 741 quos
776 697 869 729 ante
894 689 975 729 dixi
1004 689 1234 729 consulibus
1263 696 1442 728 mortuus

110 763 182 803 est,
203 756 358 796 Catone
376 769 552 795 censore.

166 822 291 860 Hunc
320 820 436 872 igitur
463 822 687 872 Cethegum
716 827 954 860 consecutus
983 827 1042 859 est
1071 827 1199 859 aetate
1229 820 1342 866 Cato,
1374 817 1442 869 qui
1461 825 1501 858 61

14 900 18 910 2
54 886 226 925 mannis
255 898 300 924 1x
326 894 416 937 post
445 900 537 926 eum
566 886 639 925 fuit
667 888 818 925 consul.
890 888 994 925 Eum
1024 899 1098 925 nos
1126 893 1170 924 ut
1198 892 1442 936 perveterem

111 952 317 999 habemus,
347 951 416 1003 qui
445 954 489 991 L.
521 952 674 991 Marcio
705 954 773 991 M'.
796 951 966 991 Manilio
996 951 1227 991 consulibus
1261 958 1440 989 mortuus

112 1025 182 1066 est,
216 1017 331 1056 annis
370 1029 530 1056 Lxxxvl
569 1017 663 1068 ipsis
700 1025 793 1057 ante
830 1031 895 1056 me
933 1018 1151 1056 consulem.
1222 1017 1310 1055 Nec
1347 1028 1440 1054 vero
1458 1021 1506 1058 16

111 1083 242 1122 habeo
271 1096 513 1134 quemquam
542 1083 818 1134 antiquiorem,
849 1083 961 1122 cuius
991 1082 1155 1133 quidem
1184 1082 1328 1132 scripta
1356 1094 1443 1132 pro-

20 1199 21 1203 *
111 1148 274 1187 ferenda
301 1156 450 1199 putem,
473 1148 548 1187 nisi
577 1162 697 1199 quem
723 1148 831 1199 Appi
855 1148 976 1188 Caeci
1003 1147 1129 1187 oratio
1155 1148 1254 1186 haec
1280 1146 1366 1197 ipsa
1391 1147 1442 1185 de

54 1220 92 1254 ¹5
114 1214 262 1263 Pyrrho
281 1221 320 1253 et
336 1227 418 1253 non
435 1215 568 1253 nullae
583 1221 829 1253 mortuorum
845 1213 1094 1252 laudationes
1114 1214 1214 1251 forte
1228 1213 1440 1251 delectant.

113 1279 165 1317 Et
187 1279 367 1318 hercules
396 1292 466 1318 eae
495 1278 657 1331 quidem
687 1285 863 1318 exstant:
902 1277 1011 1329 ipsae
1039 1277 1146 1316 enim
1172 1276 1343 1315 familiae
1372 1289 1443 1314 sua
1460 1280 1503 1313 62

113 1343 226 1394 quasi
254 1352 487 1384 ornamenta
514 1358 562 1383 ac
590 1351 852 1384 monumenta
879 1344 1089 1383 servabant
1114 1350 1153 1382 et
1181 1343 1232 1381 ad
1259 1354 1388 1389 usum,
1410 1340 1442 1380 si

113 1409 201 1460 quis
229 1410 407 1449 eiusdem
436 1410 590 1461 generis
619 1410 840 1457 occidisset,
869 1417 908 1448 et
936 1410 988 1448 ad
1017 1407 1250 1447 memoriam
1279 1408 1442 1446 laudum

113 1475 420 1515 domesticarum
436 1483 475 1515 et
493 1477 546 1515 ad
565 1476 850 1515 inlustrandam
871 1474 1119 1514 nobilitatem
1140 1486 1264 1512 suam.
1296 1474 1444 1522 Quam-

54 1549 98 1575 20
114 1553 233 1591 quam
257 1540 319 1580 his
344 1540 639 1581 laudationibus
666 1540 828 1580 historia
853 1553 982 1579 rerum
1009 1546 1231 1578 nostrarum
1256 1545 1315 1577 est
1340 1539 1444 1577 facta

114 1605 352 1645 mendosior.
412 1608 542 1645 Multa
565 1606 671 1646 enim
698 1606 842 1657 scripta
868 1613 960 1645 sunt
979 1605 1019 1644 in
1041 1604 1096 1644 eis
1117 1617 1219 1655 quae
1238 1605 1342 1643 facta
1361 1617 1443 1642 non

114 1679 229 1710 sunt:
257 1671 343 1710 falsi
373 1671 573 1723 triumphi,
600 1674 732 1723 plures
761 1672 1006 1719 consulatus,
1027 1683 1171 1721 genera
1199 1669 1318 1708 etiam
1347 1670 1444 1708 falsa

114 1744 153 1776 et
190 1737 242 1776 ad
280 1737 438 1788 plebem
479 1737 742 1785 transitiones,
781 1750 872 1776 cum
915 1735 1098 1775 homines
1136 1734 1365 1774 humiliores
1403 1734 1444 1772 in

114 1801 288 1858 alienum
318 1802 496 1842 eiusdem
526 1802 699 1842 nominis
727 1803 1030 1841 infunderentur
1056 1813 1209 1851 genus3
1238 1807 1282 1838 ut
1310 1799 1342 1838 si
1371 1812 1445 1850 ego

56 1884 96 1918 ²⁵
117 1880 181 1907 me
212 1881 237 1907 a
268 1869 335 1906 M‘.
367 1867 501 1907 Tullio
533 1881 620 1907 esse
653 1868 838 1916 dicerem,
870 1867 939 1918 qui
971 1866 1157 1918 patricius
1188 1878 1280 1905 cum
1310 1864 1445 1904 Servio

116 1933 291 1984 Sulpicio
320 1935 459 1972 consul
487 1947 595 1973 anno
622 1946 652 1972 x
680 1942 770 1985 post
799 1940 957 1973 exactos
986 1945 1096 1983 reges
1126 1931 1210 1971 fuit.
1279 1930 1445 1972 Catonis
1464 1939 1508 1982 63

115 2007 247 2039 autem
274 1999 472 2040 orationes
501 2013 582 2039 non
613 1999 744 2039 minus
774 2001 921 2039 multae
949 2000 1029 2038 fere
1058 2005 1150 2037 sunt
1178 2010 1299 2048 quam
1322 1996 1445 2036 Attici

116 2065 267 2116 Lysiae,
307 2065 420 2105 cuius
457 2065 622 2104 arbitror
665 2065 852 2116 plurimas
890 2070 1092 2104 esse—est
1129 2062 1236 2102 enim
1274 2062 1446 2110 Atticus,

115 2131 304 2182 quoniam
329 2138 433 2170 certe
453 2130 622 2170 Athenis
650 2138 710 2170 est
733 2138 772 2170 et
797 2138 913 2170 natus
942 2137 982 2170 et
1010 2137 1189 2169 mortuus
1218 2135 1257 2168 et
1285 2129 1445 2167 functus

54 2213 98 2248 30
115 2196 225 2236 omni
240 2196 384 2235 civium
405 2209 583 2244 munere,
597 2209 840 2246 quamquam
853 2195 1042 2235 Timaeus
1057 2207 1149 2234 eum
1166 2192 1278 2245 quasi
1292 2192 1446 2232 Licinia

160 2309 201 2331 10
222 2310 303 2332 vim
326 2299 423 2331 FG':
446 2309 501 2331 1111
524 2299 580 2331 H:
617 2309 703 2331 111111
727 2298 815 2331 codd.
909 2309 948 2339 14
973 2298 1038 2330 nisi
1055 2297 1168 2330 codd.:
1193 2297 1258 2329 nisi
1275 2297 1304 2328 si
1320 2295 1444 2328 Manu-

115 2343 182 2375 tius
323 2353 361 2383 15
386 2343 560 2375 delectent
577 2344 698 2375 maluit
711 2343 846 2374 Ernesti
983 2343 1023 2372 16
1046 2352 1108 2373 eae
1124 2342 1260 2383 quidem
1277 2341 1310 2372 F
1311 2340 1324 2359 ¹
1339 2353 1346 2372 :
1379 2341 1445 2372 hae

113 2387 250 2427 quidem
268 2386 310 2417 M
322 2399 330 2418 ι
353 2387 511 2428 equidem
528 2386 619 2419 codd.
735 2396 773 2418 21
800 2387 852 2419 eis
873 2386 963 2428 vulg.
981 2396 989 2418 ε
1011 2386 1065 2418 his
1080 2384 1110 2416 L
1244 2395 1286 2424 23
1309 2395 1328 2416 a
1345 2385 1446 2425 plebe

115 2431 237 2462 maluit
250 2430 440 2462 Lambinus

157 2494 221 2516 cxc.
241 2493 347 2515 saw.
1337 2482 1359 2513 2
