1696 2730
188 174 275 222 617
597 171 655 209 M.
695 169 866 208 TVLLI
905 167 1215 209 CICERONIS

235 283 306 322 sed
326 295 415 321 acer
435 289 473 321 et
493 283 635 321 doctus

339 362 432 387 cum
462 347 703 387 Pacideiano
731 345 796 385 hic
826 342 1323 396 componitur,—optimus
1352 343 1469 394 longe

340 421 430 465 post
458 412 641 452 homines
670 419 851 451 natos—.
911 457 914 461 .

291 479 403 518 Nihil
433 478 539 518 enim
570 478 638 518 illo
671 484 826 517 oratore
857 474 1023 515 arbitror
1052 474 1215 525 cogitari
1242 487 1360 525 posse
1389 473 1571 514 divinius.

179 553 217 586 18
239 544 349 584 Huic
395 543 521 583 labori
567 550 703 582 nostro
745 543 827 581 duo
871 554 1015 592 genera
1057 540 1409 590 reprehensionum
1453 551 1575 590 oppo-
1593 550 1610 582 5

236 618 394 649 nuntur.
453 612 589 648 Vnum
637 610 739 648 hoc:
790 609 963 646 ‘Verum
1011 605 1151 644 melius
1195 605 1361 645 Graeci.'
1422 607 1460 644 A
1493 618 1575 655 quo

237 683 446 727 quaeratur
478 674 623 726 ecquid
656 672 809 724 possint
842 671 917 723 ipsi
955 670 1095 710 melius
1128 670 1302 709 Latine?
1368 672 1574 709 Alterum:

240 745 248 762 ‘
270 741 380 791 Quid
439 740 532 779 istas
592 739 724 791 potius
784 740 912 789 legam
975 750 1095 787 quam
1158 737 1385 776 Graecas?’
1459 736 1573 775 Idem

236 806 431 846 Andriam
466 813 504 844 et
538 805 798 856 Synephebos
837 816 912 842 nec
952 802 1083 841 minus
1122 800 1372 854 [Terentium
1407 809 1446 841 et
1479 802 1576 842 Cae-

236 872 372 911 cilium
404 885 524 922 quam
554 871 823 909 Menandrum
853 870 1003 918 legunt,
1031 865 1122 920 nec]
1153 867 1479 906 Andromacham
1507 874 1576 906 aut
1598 880 1636 902 10

236 937 456 988 Antiopam
494 944 562 975 aut
601 935 806 986 Epigonos
844 933 1009 972 Latinos
1047 931 1262 985 recipiunt[
1276 947 1287 982 3
1333 933 1404 972 sed
1442 939 1575 971 tamen

239 1002 415 1041 Ennium
437 1009 475 1040 et
497 1000 715 1040 Pacuvium
743 1006 781 1038 et
800 998 969 1038 Accium
990 997 1122 1049 potius
1143 1011 1263 1049 quam
1285 996 1517 1048 Euripidem
1538 1004 1577 1036 et

237 1069 479 1119 Sophoclem
499 1064 664 1119 legunt}
724 1065 847 1115 Quod
873 1063 990 1115 igitur
1016 1071 1075 1103 est
1101 1077 1239 1103 eorum
1264 1063 1305 1102 in
1331 1062 1576 1103 orationibus

238 1148 259 1173 e
280 1135 434 1173 Graeco
455 1131 653 1172 conversis
674 1130 887 1178 fastidium,
908 1131 1063 1169 nullum
1082 1143 1174 1169 cum
1195 1129 1244 1168 sit
1263 1128 1304 1167 in
1323 1128 1530 1168 versibus?
1682 1170 1684 1178 ‚

293 1200 373 1238 Sed
392 1197 670 1249 adgrediamur
690 1196 768 1235 iam
789 1197 900 1247 quod
927 1195 1186 1246 suscepimus,
1208 1194 1240 1234 si
1263 1193 1370 1245 prius
1390 1207 1578 1245 exposue-
1599 1203 1636 1235 15

238 1264 360 1303 rimus
381 1277 483 1315 quae
512 1277 631 1303 causa
660 1262 700 1301 in
727 1261 921 1301 iudicium
942 1262 1117 1301 deducta
1144 1260 1204 1299 sit.
1264 1261 1370 1300 Cum
1394 1267 1496 1299 esset
1515 1261 1578 1299 lex

238 1329 419 1377 Athenis,
454 1342 511 1368 NE
542 1341 635 1374 ers
670 1340 817 1367 POPVLI
853 1339 1004 1367 SCITVM
1040 1338 1240 1374 FACERET,
1273 1337 1327 1364 VT
1364 1337 1576 1371 QVISQVAM

239 1407 411 1434 CORONA
431 1406 691 1434 DONARETVR
713 1406 759 1432 IN
787 1404 1055 1432 MAGiSTRATv
1077 1403 1196 1430 PRrvs
1223 1403 1341 1437 QVAM
1370 1402 1578 1430 RATIONES

240 1472 519 1500 RETTVLISSET
534 1475 544 1509 ,-
571 1467 609 1499 et
628 1461 750 1498 altera
768 1460 842 1507 lex,
860 1470 946 1506 Eos,
963 1470 1032 1503 QV1
1051 1470 1076 1495 A
1094 1469 1252 1496 POPVLO
1273 1468 1574 1504 DONARENTVR,

241 1539 286 1565 IN
316 1538 532 1565 CONTIONE
562 1537 725 1564 DONARI
757 1536 925 1563 DEBERE
940 1539 950 1573 3
979 1536 1049 1569 QV1
1080 1536 1106 1562 A
1133 1535 1305 1571 SENATV,
1334 1535 1380 1561 ΙΝ
1404 1534 1575 1570 SENATv‚
1599 1533 1640 1556 20
1685 1512 1689 1555 Ϊ

243 1593 537 1631 Demosthenes
567 1598 722 1630 curator
751 1589 872 1628 muris
906 1588 1129 1628 reficiendis
1159 1588 1233 1627 suit
1262 1601 1411 1639 eosque
1444 1587 1579 1627 refecit

240 1657 411 1708 pecunia
431 1671 501 1696 sua
516 1672 527 1706 5
555 1658 606 1696 de
627 1658 704 1696 hoc
730 1655 847 1706 igitur
867 1654 1089 1706 Ctesiphon
1110 1654 1253 1693 scitum
1278 1653 1371 1693 fecit
1391 1653 1508 1692 nullis
1527 1653 1579 1692 ab

239 1723 307 1762 illo
345 1722 564 1761 rationibus
602 1721 744 1769 relatis,
786 1729 828 1760 ut
863 1733 1012 1760 corona
1048 1733 1167 1759 aurea
1203 1720 1416 1759 donaretur
1453 1731 1579 1770 eaque

239 1789 404 1829 donatio
434 1790 543 1828 fieret
572 1788 613 1827 in
640 1790 794 1828 theatro
824 1788 974 1838 populo
1002 1793 1235 1833 convocato,
1265 1784 1333 1836 qui
1362 1786 1473 1824 locus
1496 1798 1578 1824 non
1695 1837 1696 1840 Ἴ

239 1863 298 1894 est
318 1854 517 1894 contionis
537 1854 746 1905 legitimae,
768 1861 888 1904 atque
909 1852 962 1891 ita
981 1850 1283 1903 praedicaretur,
1304 1862 1393 1889 EVM
1414 1862 1577 1890 DONARr
1600 1863 1639 1895 25
1690 1846 1696 1868 '³

241 1932 432 1959 V1RTVT1s
460 1932 572 1959 ERGO
594 1929 1030 1963 BENEVOLENTIAEQVE
1050 1928 1167 1962 QVAM
1190 1927 1225 1955 Is
1245 1927 1358 1955 ERGA
1385 1928 1579 1956 POPVLVM
1691 1939 1696 1961 2

180 2005 221 2027 20
242 1998 547 2025 ATHENIENSEM
589 1997 797 2024 HABERET.
875 1985 999 2022 Hunc
1037 1982 1153 2033 igitur
1191 1980 1495 2033 Ctesiphontem
1537 1981 1578 2021 in

241 2051 433 2091 iudicium
461 2051 626 2090 adduxit
655 2049 888 2098 Aeschines,
911 2049 1021 2100 quod
1050 2054 1188 2087 contra
1215 2048 1321 2098 leges
1350 2046 1578 2098 scripsisset,

195 1177 218 1216 7

179 1238 218 1272 ¹9

285 2166 305 2187 2
331 2155 534 2186 Pacideiano
567 2153 771 2186 Cratander:
810 2153 995 2185 Pacidiano
1014 2151 1077 2183 GP
1249 2162 1270 2192 5
1293 2152 1582 2192 reprehensorum

243 2200 364 2230 maluit
373 2198 551 2230 Manutius
637 2200 659 2230 6
680 2209 798 2229 verum
813 2197 902 2238 vulg.
923 2209 930 2229 :
952 2197 1094 2228 verbum
1110 2194 1199 2228 codd.
1293 2206 1310 2235 7
1336 2195 1458 2237 ecquid
1469 2196 1557 2238 vulg.
1575 2208 1583 2228 :

242 2248 276 2274 et
294 2243 375 2284 quid
392 2243 479 2274 codd.
628 2241 692 2283 ipsi
708 2243 798 2283 vulg.
815 2252 821 2272 :
847 2241 896 2272 illi
915 2240 945 2272 G
1098 2250 1120 2279 9
1144 2239 1342 2271 Terentium
1357 2264 1365 2272 .
1381 2263 1389 2272 .
1405 2263 1413 2271 .
1434 2250 1498 2271 nec
1512 2240 1582 2272 secl.

239 2287 335 2326 Jahn
444 2296 549 2327 11—13
574 2287 635 2318 sed
651 2291 767 2318 tamen
784 2309 792 2318 .
813 2310 821 2318 .
839 2309 847 2317 .
866 2285 986 2325 legunt
1002 2283 1071 2315 secl.
1085 2283 1183 2322 Jahn
1203 2283 1367 2323 (Ennium
1383 2307 1392 2316 .
1411 2307 1420 2316 .
1439 2308 1447 2316 .
1464 2284 1582 2324 legunt

241 2330 311 2362 secl.
330 2330 445 2371 Orelli)
582 2340 620 2369 14
644 2341 663 2361 e
680 2330 814 2362 Graeco
829 2328 1039 2360 Lambinus:
1063 2338 1083 2358 a
1099 2337 1202 2367 greco
1221 2327 1284 2359 GP
1427 2337 1467 2367 19
1489 2326 1546 2367 qui
1562 2337 1582 2358 a

243 2374 331 2414 vulg.
350 2386 356 2405 :
379 2375 458 2414 quia
475 2374 562 2406 codd.
633 2384 676 2406 20
700 2374 757 2414 qui
773 2384 794 2405 a
809 2377 931 2405 senatu
947 2371 1100 2403 Muretus
1114 2382 1122 2403 ε
1138 2372 1219 2411 quia
1228 2370 1317 2404 codd.
1387 2381 1426 2402 21
1453 2380 1582 2412 eosque

243 2418 334 2459 vulg.
352 2429 359 2449 :
383 2419 534 2458 deosque
550 2417 638 2450 codd.
772 2428 815 2457 24
841 2417 940 2448 fieret
955 2415 1043 2457 vulg.
1062 2426 1069 2446 :
1094 2416 1195 2448 fuerit
1213 2415 1242 2448 G
1257 2427 1264 2447 ε
1287 2415 1408 2447 fecerit
1425 2419 1462 2446 ut
1477 2414 1512 2446 P
