1696 2730
442 159 826 199 PARTITIONES
855 158 1193 198 ORATORIAE
1465 165 1490 205 5
1512 165 1548 196 16

155 278 365 323 praecepta
393 269 481 309 sint.
540 271 581 308 P.
604 271 740 308 Vnum
767 281 892 320 genus
921 275 980 307 est
1005 267 1220 318 eloquendi
1249 280 1319 306 sua
1347 274 1489 318 sponte

155 338 288 376 fusum
301 350 311 384 ;
339 337 505 375 alterum
528 348 684 374 versum
712 342 832 385 atque
861 340 1068 372 mutatum.
1128 332 1259 371 Prima
1283 332 1341 371 vis
1370 340 1430 371 est
1449 332 1490 370 in

157 400 401 452 simplicibus
434 399 574 447 verbis,
611 399 651 438 in
689 398 911 438 coniunctis
950 399 1136 437 secunda.
1197 397 1400 448 Simplicia
1436 397 1492 436 in-

156 465 354 506 venienda
391 473 494 513 sunt,
529 464 759 504 coniunctio
796 465 1046 503 conlocanda
1082 470 1152 502 est.
1217 464 1269 501 Et
1298 462 1492 514 simplicia

121 544 139 576 5
157 532 277 571 verba
302 530 444 582 partim
470 526 602 569 nativa
630 537 722 569 sunt
747 529 890 580 partim
918 536 1080 580 reperta.
1140 527 1285 567 Nativa
1311 541 1368 575 ea,
1390 541 1492 579 quae

157 596 376 648 significata
404 603 496 634 sunt
526 608 644 634 sensu
659 610 670 643 ;
706 602 869 646 reperta,
898 607 1000 644 quae
1031 607 1079 633 ex
1112 593 1167 632 eis
1198 594 1301 632 facta
1333 601 1426 632 sunt
1455 600 1494 632 et

159 668 305 700 novata
336 668 404 700 aut
435 660 694 700 similitudine
726 667 794 698 aut
825 659 1046 698 imitatione
1083 666 1151 697 aut
1181 658 1393 697 inflexione
1426 665 1493 697 aut

157 726 414 766 adiunctione
433 726 654 765 verborum.
712 727 846 776 Atque
875 724 993 764 etiam
1021 732 1080 764 est
1103 725 1201 763 haec
1228 723 1430 763 distinctio
1453 723 1494 761 in
1516 737 1553 771 ¹7

159 792 288 831 verbis
303 807 314 841 3
351 793 471 831 altera
503 799 654 838 natura,
685 790 918 830 tractatione
954 791 1085 829 altera.
1150 791 1312 836 Natura,
1344 797 1387 827 ut
1418 788 1496 827 sint

105 868 142 890 10
160 857 236 897 alia
255 856 482 896 sonantiora
500 855 709 907 grandiora
727 855 874 895 leviora
893 862 932 894 et
951 856 1127 905 quodam
1152 856 1275 894 modo
1298 854 1492 900 nitidiora,

160 923 237 963 alia
264 932 402 962 contra
416 937 426 970 ς
456 921 688 961 tractatione
715 928 860 968 autem,
886 934 978 959 cum
1007 928 1075 959 aut
1103 920 1260 971 propria
1288 927 1497 959 sumuntur

162 1001 291 1027 rerum
316 988 512 1026 vocabula
538 994 606 1025 aut
634 986 771 1026 addita
798 987 850 1025 ad
877 999 1024 1024 nomen
1052 993 1120 1024 aut
1148 999 1252 1025 nova
1279 992 1347 1024 aut
1370 984 1498 1036 prisca

161 1061 230 1093 aut
255 1053 307 1091 ab
334 1060 487 1092 oratore
514 1052 742 1091 modificata
767 1059 806 1090 et
825 1051 969 1090 inflexa
987 1052 1163 1102 quodam
1191 1051 1339 1099 modo;
1366 1049 1498 1100 qualia

163 1126 256 1158 sunt
282 1131 329 1156 ea
357 1131 459 1168 quae
486 1118 771 1156 transferuntur
795 1124 864 1155 aut
888 1116 1144 1164 inmutantur,
1178 1124 1246 1154 aut
1272 1129 1319 1155 ea
1352 1115 1497 1166 quibus

109 1194 146 1227 ¹5
165 1191 367 1234 tamquam
394 1183 604 1230 abutimur,
626 1190 694 1221 aut
720 1195 767 1221 ea
792 1195 894 1233 quae
921 1182 1190 1229 obscuramus,
1212 1194 1314 1231 quae
1334 1180 1500 1220 incredi-

164 1248 294 1288 biliter
321 1247 506 1297 tollimus,
529 1261 711 1298 quaeque
739 1246 1010 1286 admirabilius
1039 1260 1159 1297 quam
1189 1247 1380 1285 sermonis
1407 1259 1499 1285 con·
1516 1280 1544 1318 6

164 1314 335 1352 suetudo
355 1313 500 1364 patitur
525 1326 723 1351 ornamus.
782 1313 828 1352 C.
852 1313 999 1351 Habeo
1019 1313 1070 1351 de
1090 1310 1336 1362 simplicibus
1356 1310 1496 1357 verbis,
1521 1341 1559 1371 18

165 1391 274 1417 nunc
298 1379 350 1417 de
376 1377 658 1418 coniunctione
680 1391 838 1429 quaero.
898 1379 939 1416 P.
970 1377 1135 1416 Numeri
1157 1376 1320 1427 quidam
1347 1383 1439 1414 sunt
1459 1375 1500 1414 in

166 1443 449 1483 coniunctione
476 1444 658 1483 servandi
686 1442 996 1493 consecutioque
1021 1442 1243 1481 verborum.
1302 1442 1501 1480 Numeros

109 1522 149 1545 πο
167 1522 280 1548 aures
310 1508 419 1559 ipsae
452 1509 682 1557 metiuntur,
709 1522 760 1548 ne
792 1516 860 1547 aut
888 1522 971 1547 non
1003 1509 1204 1558 compleas
1234 1506 1362 1546 verbis
1391 1508 1501 1557 quod

167 1573 418 1625 proposueris
438 1581 505 1613 aut
524 1575 734 1613 redundes.
793 1573 1036 1614 Consecutio
1055 1580 1201 1619 autern,
1222 1585 1273 1611 ne
1291 1571 1501 1623 generibus

168 1638 342 1678 numeris
379 1638 624 1690 temporibus
662 1638 840 1690 personis
882 1638 1040 1678 casibus
1077 1637 1326 1688 perturbetur
1363 1636 1499 1676 oratio.

170 1706 275 1744 Nam
305 1711 349 1743 ut
377 1703 418 1742 in
446 1704 691 1754 simplicibus
719 1703 848 1743 verbis
877 1704 987 1754 quod
1015 1716 1098 1742 non
1127 1710 1187 1742 est
1216 1701 1414 1749 Latinum,
1446 1701 1502 1741 sic

169 1769 210 1808 in
236 1769 459 1808 coniunctis
489 1770 598 1820 quod
627 1782 708 1808 non
738 1776 797 1808 est
822 1781 1072 1819 consequens
1097 1767 1402 1818 vituperandum
1431 1772 1500 1805 est.

111 1844 153 1877 25
172 1834 573 1875 Communia-autem
603 1834 841 1885 simplicium
871 1833 1256 1883 coniunctorumque
1285 1833 1383 1871 haec
1413 1839 1504 1870 sunt
1526 1845 1565 1879 ¹9

171 1899 348 1951 quinque
376 1899 489 1950 quasi
518 1899 679 1947 lumina,
707 1898 928 1938 dilucidum
962 1898 1079 1938 breve
1108 1897 1313 1948 probabile
1342 1897 1504 1936 inlustre

171 1978 302 2005 suave.
348 1964 579 2004 Dilucidum
595 1966 661 2004 fiet
677 1963 828 2003 usitatis
843 1963 972 2003 verbis
991 1962 1157 2014 propriis
1172 1962 1383 2014 dispositis,
1403 1960 1504 2015 [aut]

171 2029 535 2081 circumscriptione
564 2030 752 2069 conclusa
779 2036 847 2068 aut
869 2028 1160 2068 intermissione
1184 2035 1252 2067 aut
1276 2027 1505 2067 concisione

171 2096 381 2134 verborum
390 2110 401 2144 3
424 2095 636 2135 obscurum
653 2101 786 2134 autem
801 2101 869 2133 aut
884 2093 1132 2145 longitudine
1150 2099 1218 2132 aut
1234 2092 1505 2133 contractione

114 2173 155 2205 30
172 2157 359 2197 orationis
385 2165 453 2197 aut
471 2157 730 2209 ambiguitate
757 2164 826 2196 aut
849 2156 1061 2196 inflexione
1088 2164 1208 2206 atque
1228 2155 1504 2194 immutatione

172 2223 393 2262 verborum.
457 2222 633 2262 Brevitas
669 2230 802 2262 autem
840 2221 1049 2261 conficitur
1085 2220 1330 2272 simplicibus
1362 2219 1502 2267 verbis,

173 2289 295 2327 semel
316 2301 394 2327 una
413 2301 571 2340 quaque
591 2301 632 2327 re
651 2287 834 2335 dicenda,
856 2286 953 2326 nulli
972 2286 1026 2326 rei
1047 2286 1121 2325 nisi
1141 2294 1184 2325 ut
1203 2285 1377 2325 dilucide
1397 2285 1506 2325 dicas

350 2403 391 2433 27
416 2397 475 2424 aut
489 2403 555 2424 om.
571 2391 606 2423 P
777 2392 820 2423 28
843 2390 1004 2424 conclusa
1018 2390 1108 2433 vulg.
1126 2402 1134 2423 ι
1157 2391 1292 2422 concisa
1309 2389 1343 2421 Ρ
