1630 2730
678 161 896 200 BRVTVS
1434 171 1460 209 4
1483 166 1524 200 16

134 271 221 322 Ego
239 278 372 310 autem
392 272 636 310 voluntatem
657 271 728 311 tibi
748 272 926 322 profecto
947 270 1118 319 emetiar,
1141 272 1211 310 sed
1231 284 1312 310 rem
1334 270 1461 322 ipsam
1483 277 1522 309 16

132 337 313 375 nondum
339 349 455 387 posse
482 336 618 375 videor
631 351 641 385 3
670 336 792 387 idque
818 344 862 376 ut
887 336 1079 387 ignoscas,
1101 350 1125 375 a
1148 344 1186 375 te
1210 344 1314 387 peto.
1374 338 1461 376 Nec

132 401 238 440 enim
267 415 315 440 ex
343 401 466 448 novis,
489 409 532 440 ut
561 401 754 452 agricolae
783 404 922 449 solent,
945 402 1136 441 fructibus
1163 409 1232 449 est,
1257 403 1363 441 unde
1389 402 1462 441 tibi

131 467 295 505 reddam
316 467 426 516 quod
444 466 693 517 accepi—sic
713 467 843 506 omnis
870 468 972 505 fetus
996 480 1194 517 repressus
1214 473 1270 505 est
1287 475 1462 506 exustus-

95 549 112 580 5
131 545 210 582 que
236 531 298 570 siti
327 533 399 570 flos
426 532 566 571 veteris
589 532 778 571 ubertatis
804 532 1082 571 exaruit—nec
1112 546 1160 571 ex
1187 532 1373 581 conditis,
1392 532 1461 582 qui

130 595 260 635 iacent
279 596 320 635 in
341 597 512 636 tenebris
533 605 571 636 et
590 598 641 636 ad
662 611 762 648 quos
783 597 913 636 omnis
937 597 1054 636 nobis
1077 597 1217 645 aditus,
1243 597 1310 648 qui
1334 611 1461 648 paene

130 661 224 700 solis
244 661 380 712 patuit,
396 662 621 701 obstructus
637 669 706 702 est.
752 663 934 701 Seremus
955 662 1071 712 igitur
1089 662 1240 712 aliquid
1256 654 1460 713 tamquam

130 725 171 764 in
190 726 340 765 inculto
360 735 398 766 et
418 727 606 767 derelicto
626 729 736 776 solo;
765 729 874 778 quod
898 728 952 766 ita
977 727 1185 778 diligenter
1207 729 1395 776 colemus,
1418 735 1461 767 ut

130 791 341 841 impendiis
372 791 490 831 etiam
524 805 665 843 augere
698 792 895 843 possimus
929 792 1147 843 largitatem
1177 793 1233 832 tui
1263 793 1460 832 muneris:

73 873 113 896 ιο
130 857 253 895 modo
283 856 390 896 idem
421 864 554 896 noster
583 857 738 896 animus
769 858 922 897 efficere
959 857 1084 908 possit
1116 859 1226 908 quod
1259 872 1360 908 ager,
1392 858 1460 909 qui

130 935 222 960 cum
254 923 398 960 multos
431 935 558 960 annos
592 922 749 972 quievit,
781 922 981 962 uberiores
1015 924 1150 962 efferre
1183 924 1311 974 fruges
1345 925 1457 962 solet.

129 987 235 1024 Tum
263 986 351 1026 ille:
384 989 470 1037 Ego
498 1000 591 1026 vero
620 995 659 1026 et
687 988 925 1038 exspectabo
955 1001 1000 1027 ea
1026 1001 1128 1038 quae
1151 988 1357 1039 polliceris,
1383 1002 1458 1028 nec
1481 1001 1519 1038 ¹7

129 1051 281 1102 exigam
301 1051 376 1090 nisi
392 1059 460 1091 tuo
482 1054 697 1092 commodo
717 1061 756 1092 et
776 1061 890 1092 erunt
909 1053 1007 1092 mihi
1026 1061 1214 1104 pergrata,
1233 1054 1264 1092 si
1284 1053 1456 1093 solveris.

130 1116 233 1155 Mihi
257 1131 428 1168 quoque,
451 1117 579 1167 inquit
607 1120 762 1166 Brutus,
787 1117 858 1171 [et]
880 1120 1146 1169 exspectanda
1169 1126 1260 1158 sunt
1286 1133 1333 1158 ea
1356 1132 1458 1170 quae

73 1195 109 1226 15
128 1181 263 1220 Attico
296 1182 502 1232 polliceris,
534 1182 607 1221 etsi
640 1184 803 1222 fortasse
837 1197 910 1234 ego
950 1197 974 1222 a
1002 1191 1040 1222 te
1070 1183 1186 1223 huius
1215 1184 1458 1223 voluntarius

128 1255 357 1298 procurator
379 1255 522 1297 petam,
547 1249 656 1298 quod
683 1247 777 1299 ipse,
800 1248 865 1287 cui
890 1249 1025 1296 debes,
1047 1248 1305 1288 incommodo
1331 1263 1368 1288 se
1393 1255 1458 1287 tuo

129 1319 356 1351 exacturum
387 1320 513 1363 negat.
573 1315 627 1351 At
655 1327 758 1361 vero,
790 1313 964 1364 inquam,
996 1313 1068 1352 tibi
1097 1327 1181 1364 ego,
1212 1316 1342 1361 Brute,
1374 1328 1456 1353 non
1475 1303 1500 1342 5

128 1378 288 1425 solvam,
312 1377 387 1416 nisi
406 1377 512 1427 prius
533 1391 556 1416 a
575 1386 614 1417 te
633 1391 773 1418 cavero
793 1378 962 1429 amplius
989 1392 1037 1418 eo
1057 1378 1220 1418 nomine
1240 1379 1452 1427 neminem,
1478 1356 1515 1386 ¹8

127 1441 238 1480 cuius
254 1442 392 1493 petitio
412 1442 470 1491 sit,
486 1443 712 1494 petiturum.
771 1445 865 1483 Non
886 1458 950 1483 me
966 1445 1134 1492 hercule,
1154 1444 1292 1495 inquit,
1311 1444 1382 1483 tibi
1402 1458 1458 1484 re-

69 1521 110 1544 20
127 1507 355 1557 promittere
370 1508 470 1547 istuc
487 1508 648 1559 quidem
664 1508 803 1547 ausim.
853 1511 958 1548 Nam
975 1510 1092 1557 hunc,
1111 1509 1178 1560 qui
1194 1517 1322 1560 negat,
1339 1510 1456 1550 video

126 1571 383 1622 flagitatorem
405 1587 486 1612 non
506 1573 616 1612 illum
637 1573 798 1624 quidem
820 1574 891 1614 tibi
911 1576 1134 1622 molestum,
1153 1576 1223 1614 sed
1241 1574 1456 1614 adsiduum

126 1644 259 1676 tamen
286 1645 325 1676 et
347 1651 476 1677 acrem
501 1639 594 1677 fore.
652 1640 756 1677 Tum
779 1639 1048 1690 Pomponius:
1079 1641 1165 1690 Ego
1189 1653 1291 1687 vero,
1315 1639 1457 1690 inquit,

127 1703 292 1740 Brutum
320 1703 418 1741 nihil
447 1703 602 1742 mentiri
630 1712 740 1754 puto.
797 1705 948 1744 Videor
976 1705 1083 1743 enim
1115 1705 1192 1744 iam
1224 1713 1263 1744 te
1291 1718 1456 1744 ausurus

125 1780 211 1806 esse
248 1769 455 1818 appellare,
496 1768 685 1818 quoniam
724 1770 843 1820 longo
881 1769 1085 1808 intervallo
1123 1771 1246 1810 modo
1283 1770 1455 1820 primum

69 1847 106 1878 ²5
124 1832 381 1871 animadverti
404 1835 522 1884 paulo
543 1841 581 1872 te
601 1833 836 1874 hilariorem.
890 1836 1030 1885 Itaque
1050 1834 1239 1885 quoniam
1260 1834 1325 1874 hic
1345 1836 1454 1885 quod
1475 1852 1516 1887 19

125 1897 221 1936 mihi
241 1898 451 1937 deberetur
470 1912 512 1938 se
531 1907 758 1938 exacturum
779 1901 977 1951 professus
997 1907 1066 1947 est,
1089 1901 1198 1950 quod
1219 1900 1311 1939 huic
1331 1901 1454 1940 debes

125 1976 198 2014 ego
217 1977 241 2002 a
261 1971 299 2002 te
319 1972 423 2014 peto.
483 1964 689 2013 Quidnam
716 1965 790 2004 id?
818 1965 993 2016 inquam.
1051 1967 1105 2004 Vt
1132 1966 1290 2014 scribas,
1312 1965 1452 2016 inquit,

123 2028 272 2079 aliquid
287 2043 298 2078 3
328 2029 406 2067 iam
426 2028 579 2080 pridem
601 2030 707 2069 enim
729 2030 1006 2070 conticuerunt
1025 2038 1116 2070 tuae
1137 2031 1297 2071 litterae.
1348 2033 1454 2070 Nam

124 2101 167 2132 ut
193 2093 279 2133 illos
303 2095 354 2134 de
378 2108 418 2134 re
442 2094 603 2144 publica
628 2095 748 2135 libros
774 2095 944 2145 edidisti,
967 2096 1065 2136 nihil
1085 2110 1108 2136 a
1132 2104 1170 2136 te
1195 2110 1290 2137 sane
1317 2104 1455 2148 postea

170 2207 184 2228 1
210 2197 414 2229 emetiar-L:
438 2199 597 2230 remetiar
607 2199 695 2240 vulg.
759 2209 779 2238 4
802 2204 854 2231 est
871 2199 1001 2231 addidit
1010 2200 1101 2231 Bake
1160 2210 1179 2240 5
1204 2201 1258 2232 siti
1272 2202 1334 2232 ssos
1348 2201 1453 2232 Lam-

123 2241 242 2272 binus:
260 2242 322 2273 ssos
338 2242 393 2273 siti
408 2242 437 2272 L
528 2253 564 2274 11
584 2253 658 2274 cum
675 2243 783 2284 vulga:
799 2254 899 2284 quam
912 2243 1116 2275 FOMB¹H¹
1130 2249 1220 2276 vetus
1234 2256 1240 2276 ε
1257 2255 1339 2285 sepe
1351 2244 1455 2275 BHG

128 2294 164 2324 ¹4
188 2290 221 2315 et
237 2286 306 2317 secl.
323 2286 430 2326 vulg:
452 2289 589 2317 tuentur
601 2287 774 2317 Fleckeisen
795 2291 824 2318 et
838 2287 1000 2318 Fn'edn‘ch
1121 2289 1160 2319 16
1182 2288 1399 2320 incommodo
1415 2298 1453 2319 se

123 2333 183 2359 tuo
198 2328 385 2360 Eberhard:
409 2330 623 2361 incommodo
648 2331 676 2362 L
694 2342 700 2362 :
723 2341 760 2362 se
777 2332 992 2363 incommodo
1009 2336 1068 2363 tuo
1092 2332 1278 2364 Lambinus
1410 2342 1452 2364 20

121 2372 228 2403 ausim
248 2371 312 2404 6²:
335 2383 436 2405 ausus
456 2373 519 2405 sim
535 2373 625 2406 codd.
