1696 2730
694 153 914 192 BRVTVS
1415 162 1471 202 93
1490 167 1508 199 3
1514 169 1530 191 2
1539 168 1551 190 1

138 277 294 315 augere,
331 271 685 316 quantumcunque
717 272 810 304 erat.
878 267 1014 316 Atque
1047 271 1090 304 ut
1128 266 1252 304 multa
1288 263 1470 304 omittam

138 328 179 367 in
226 331 303 368 hoe
353 329 480 380 spatio
536 337 576 370 et
626 330 667 369 in
715 330 777 369 his
827 337 918 382 post
968 329 1210 370 aedilitatem
1257 329 1382 378 annis,
1432 337 1471 369 et

137 402 293 445 praetor
335 395 484 446 primus
525 403 565 435 et
604 395 826 435 incredibili
867 395 1048 447 populari
1094 397 1298 434 voluntate
1343 398 1476 434 consul

137 472 225 498 sum
269 461 405 499 factus.
473 462 579 500 Nam
620 475 713 500 cum
750 468 910 512 propter
944 460 1226 500 adsiduitatem
1263 460 1306 499 in
1342 460 1471 499 causis

97 535 117 569 5
137 531 176 563 et
208 524 442 564 industriam
473 533 557 565 tum
588 533 748 577 propter
784 525 1014 577 exquisitius
1047 533 1087 565 et
1120 525 1284 565 minime
1313 527 1471 576 vulgare

136 589 323 629 orationis
366 604 490 642 genus
530 591 686 631 animos
726 591 936 630 hominum
973 593 1025 630 ad
1063 605 1128 630 me
1165 590 1327 630 dicendi
1364 590 1472 630 novi-

135 662 215 694 tate
243 664 523 695 converteram.
582 656 693 695 Nihil
721 658 773 696 de
802 670 866 696 me
894 656 1049 696 dicam:
1079 656 1211 696 dicam
1237 657 1288 695 de
1317 655 1467 704 ceteris,
1490 669 1551 700 322

135 733 305 771 quorum
333 735 453 761 nemo
486 730 568 761 erat
601 722 670 773 qui
697 721 895 761 videretur
922 721 1153 773 exquisitius
1182 735 1303 772 quam
1331 723 1470 772 vulgus

137 786 346 825 hominum
390 787 588 827 studuisse
631 787 780 836 litteris,
826 787 971 838 quibus
1017 788 1106 827 fons
1153 788 1350 838 perfectae
1393 788 1471 826 elo-

77 867 116 891 10
139 852 325 902 quentiae
362 852 596 901 continetur,
635 866 756 892 nemo
797 852 866 904 qui
908 852 1203 904 philosophiam
1240 853 1470 903 complexus

137 924 240 956 esset
286 924 452 957 matrem
498 917 677 957 omnium
727 918 831 957 bene
877 919 1071 957 factorum
1117 918 1302 967 beneque
1348 916 1471 956 dicto-

138 996 236 1030 rum,
278 996 399 1022 nemo
445 983 514 1033 qui
560 983 620 1022 ius
667 982 780 1022 civile
827 982 1030 1022 didicisset
1075 995 1159 1021 rem
1202 983 1254 1021 ad
1300 981 1469 1033 privatas

134 1060 272 1086 causas
312 1055 351 1088 et
389 1049 441 1087 ad
481 1047 645 1088 oratoris
689 1048 940 1099 prudentiam
980 1047 1150 1087 maxime
1194 1046 1469 1096 necessariam,

134 1126 254 1153 nemo
283 1113 351 1164 qui
382 1113 614 1152 memoriam
643 1127 772 1152 rerum
807 1115 1079 1152 Romanarum
1108 1120 1268 1160 teneret,
1300 1126 1348 1151 ex
1376 1125 1465 1162 qua,

77 1189 114 1222 15
137 1177 170 1217 si
213 1180 375 1229 quando
422 1192 522 1229 opus
564 1186 678 1227 esset,
717 1179 769 1218 ab
810 1178 942 1218 inferis
984 1177 1315 1229 locupletissimos
1358 1176 1468 1216 testis

137 1243 335 1293 excitaret,
367 1257 487 1284 nemo
520 1243 589 1294 qui
626 1243 795 1284 breviter
830 1251 1047 1294 arguteque
1084 1243 1214 1282 inluso
1246 1242 1468 1282 adversario

134 1310 280 1348 laxaret
317 1309 494 1348 iudicum
531 1309 686 1349 animos
723 1316 843 1360 atque
879 1322 903 1347 a
940 1308 1146 1348 severitate
1182 1307 1381 1359 paulisper
1416 1308 1468 1346 ad

132 1374 367 1414 hilaritatem
396 1374 597 1426 risumque
630 1376 865 1423 traduceret,
893 1388 1014 1414 nemo
1043 1373 1112 1425 qui
1144 1372 1306 1412 dilatare
1334 1380 1469 1423 posset

133 1447 254 1491 atque
283 1453 307 1479 a
335 1440 493 1491 propria
524 1454 571 1480 ac
601 1440 766 1480 definita
790 1439 1059 1490 disputatione
1091 1438 1265 1478 homi'nis
1293 1451 1340 1477 ac
1374 1445 1468 1477 tem-

21 1542 29 1547 ,
74 1525 116 1549 20
133 1504 239 1556 poris
257 1506 310 1544 ad
324 1518 581 1544 communem
596 1504 870 1555 quaestionem
890 1503 1061 1542 universi
1079 1502 1232 1554 generis
1248 1502 1467 1542 orationem

133 1571 347 1618 traducere,
376 1583 496 1609 nemo
525 1570 594 1620 qui
622 1569 848 1609 delectandi
876 1569 999 1620 gratia
1027 1568 1179 1619 digredi
1207 1581 1417 1618 parumper
1444 1581 1468 1606 a

133 1648 262 1682 causa,
279 1649 399 1674 nemo
414 1634 483 1686 qui
501 1636 553 1674 ad
572 1635 818 1674 iracundiam
837 1647 982 1685 magno
1002 1647 1121 1684 opere
1141 1633 1324 1680 iudicem,
1348 1645 1468 1671 nemo

134 1700 203 1751 qui
221 1701 273 1739 ad
292 1701 429 1739 fletum
449 1707 582 1750 posset
601 1701 811 1747 adducere,
829 1712 949 1739 nemo
965 1699 1034 1749 qui
1052 1698 1231 1737 animum
1246 1697 1340 1745 eius,
1357 1698 1467 1748 quod

130 1779 255 1804 unum
275 1772 335 1804 est
361 1764 524 1804 oratoris
552 1764 722 1804 maxime
741 1764 954 1815 proprium,
977 1777 1231 1815 quocumque
1254 1776 1314 1802 res
1334 1770 1467 1813 postu-

71 1849 110 1882 ²5
132 1832 237 1878 laret,
274 1830 486 1882 impellere.
546 1832 687 1881 Itaque
716 1844 808 1869 cum
841 1830 919 1868 iam
952 1843 1080 1880 paene
1110 1828 1333 1868 evanuisset
1363 1830 1465 1867 Hor-

133 1896 282 1936 tensius
301 1903 341 1935 et
360 1909 434 1947 ego
456 1909 564 1934 anno
590 1909 691 1944 meo,
715 1902 824 1935 sexto
850 1902 984 1934 autem
1006 1901 1098 1945 post
1116 1894 1227 1932 illurn
1247 1895 1451 1933 consulem

136 1963 275 2001 consul
303 1963 429 2000 factus
458 1974 597 2009 essem,
619 1974 802 2000 revocare
830 1974 872 2000 se
900 1961 952 2000 ad
980 1959 1214 1999 industriam
1240 1959 1382 2010 coepit,
1403 1972 1455 1998 ne

139 2040 231 2066 cum
257 2040 369 2078 pares
396 2028 547 2066 honore
570 2039 761 2074 essemus,
779 2025 912 2076 aliqua
937 2039 978 2065 re
1004 2024 1180 2076 superior
1199 2037 1285 2064 esse
1303 2023 1465 2063 viderer.

135 2092 201 2132 Sic
230 2091 446 2131 duodecim
476 2098 567 2142 post
600 2104 733 2130 meum
772 2092 1022 2130 consulatum
1051 2103 1178 2129 annos
1208 2089 1250 2128 in
1288 2089 1468 2128 maximis

74 2170 116 2203 30
139 2157 278 2206 causis,
299 2170 391 2196 cum
415 2170 489 2207 ego
516 2156 614 2195 mihi
639 2156 760 2203 illum,
784 2155 859 2195 sibi
887 2169 952 2195 me
977 2155 1042 2194 ille
1065 2156 1284 2203 anteferret,
1306 2154 1470 2194 coniun-

1484 1804 1542 1842 94

1485 1864 1548 1896 323

178 2272 198 2293 2
221 2265 256 2292 et
276 2285 284 2293 .
300 2284 308 2293 .
329 2285 337 2293 .
357 2260 456 2292 annis
475 2261 547 2292 secl.
574 2259 707 2291 Ellendt
793 2259 847 2291 his
862 2258 950 2290 codd.
970 2258 1044 2291 dett.
1066 2270 1074 2290 :
1096 2258 1138 2289 iis
1154 2258 1183 2289 L
1316 2268 1336 2298 3
1359 2268 1466 2298 popu—

131 2303 191 2336 lari
210 2304 239 2335 L
254 2316 262 2336 :
286 2305 400 2346 populi
418 2305 627 2336 Lambinus:
651 2303 767 2344 populi
785 2304 827 2335 R.
850 2302 952 2334 Orelli
1075 2302 1191 2334 consul
1209 2300 1286 2332 add.
1302 2301 1467 2332 Friedrich

135 2350 176 2379 16
197 2349 296 2380 illuso
312 2348 458 2380 Schmz:
481 2348 614 2379 incluso
631 2347 685 2378 L:
707 2347 804 2378 eluso
821 2347 990 2377 Baehrens
1105 2356 1148 2377 20
1171 2346 1215 2376 ad
1230 2355 1313 2376 com.
1334 2343 1398 2377 G22
1423 2346 1466 2376 ad

131 2401 197 2424 om.
211 2392 241 2423 L
330 2402 438 2432 21-25
454 2392 634 2423 traducere
652 2415 659 2422 .
681 2414 689 2422 .
709 2414 717 2422 .
735 2390 910 2430 impellere
926 2390 1014 2430 vulg.
1031 2400 1039 2420 t
1064 2390 1259 2421 traduceret
1271 2413 1279 2420 .
1299 2413 1308 2422 .
1328 2412 1336 2420 .
1350 2389 1465 2428 impel-

131 2435 218 2467 leret
234 2435 263 2466 L
372 2435 415 2466 28
437 2435 595 2476 superior
611 2444 687 2466 esse
703 2434 840 2467 viderer
852 2433 949 2473 Jahn
965 2444 973 2464 ε
995 2433 1189 2474 superiores
1205 2433 1398 2464 videremur
1413 2431 1443 2462 L

174 2496 239 2519 cie.
258 2497 360 2519 nnvr.
1360 2485 1379 2516 7
