1696 2730
429 166 812 206 PARTITIONES
842 164 1179 206 ORATORIAE
1452 171 1477 210 3
1496 170 1514 202 8

147 292 228 318 non
266 276 494 318 necessaria.
562 277 607 317 C.
650 274 853 330 Quoniam
890 276 942 314 de
980 275 1060 313 fide
1096 271 1345 324 respondisti,
1385 274 1477 312 volo

145 343 282 383 audire
307 345 358 383 de
385 349 507 382 motu.
566 343 612 381 P.
640 343 704 380 Tu
730 342 821 381 loco
846 339 1010 391 quidem
1036 338 1202 389 quaeris,
1224 339 1295 378 sed
1323 338 1477 389 plenius

146 410 256 460 quod
288 408 346 448 vis
383 406 652 459 explicabitur,
686 419 779 445 cum
815 407 868 445 ad
905 403 1094 445 orationis
1127 403 1250 454 ipsius
1283 402 1477 454 quaestio-

145 487 322 525 numque
351 473 543 512 rationem
568 484 725 511 venero.

109 554 126 585 5
200 540 245 580 C.
269 538 379 588 Quid
407 537 583 588 sequitur
610 536 754 588 igitur?
801 537 843 575 P.
877 536 981 576 Cum
1010 534 1220 583 inveneris,
1244 535 1478 583 conlocare3
1495 552 1516 585 9

146 603 258 643 cuius
284 603 325 642 in
352 602 505 642 infinita
532 601 765 653 quaestione
794 601 894 639 ordo
923 599 1030 639 idem
1056 600 1137 638 fere
1163 612 1283 649 quem
1313 599 1477 650 exposui

146 670 324 708 locorum
338 683 349 717 3
377 668 419 707 in
438 667 603 707 definita
622 674 756 705 autem
775 665 1006 705 adhibenda
1029 672 1121 703 sunt
1147 664 1213 703 illa
1236 663 1355 703 etiam
1376 677 1478 715 quae

145 735 197 773 ad
228 741 360 773 motus
388 732 612 772 animorum
640 731 850 783 pertinent.
910 731 955 770 C.
988 731 1081 780 Quo
1110 730 1233 769 modo
1262 729 1377 780 igitur
1405 729 1479 768 ista

147 798 347 850 explicas?
403 800 445 837 P.
480 798 627 837 Habeo
661 795 890 836 communia
919 802 1130 846 praecepta
1157 795 1278 833 fidem
1307 793 1479 833 faciendi

89 876 129 898 ¹0
147 871 186 903 et
219 863 512 903 commovendi.
571 861 774 912 Quoniam
807 862 907 900 fides
941 867 1000 899 est
1028 861 1140 898 firma
1168 859 1314 910 opinio,
1347 867 1478 898 motus

146 937 280 968 autem
299 928 420 968 animi
442 927 620 967 incitatio
648 935 716 966 aut
742 927 793 966 ad
817 927 1060 976 voluptatem
1087 932 1155 964 aut
1176 926 1228 964 ad
1255 924 1478 964 molestiam

146 1003 214 1034 aut
233 995 284 1034 ad
311 982 665 1045 cupiditatemiaut
690 993 742 1031 ad
769 998 1035 1030 metum—tot
1062 997 1154 1029 sunt
1179 989 1286 1029 enim
1311 987 1477 1042 [motus]

146 1073 300 1110 genera,
330 1067 460 1111 partes
497 1060 628 1110 plures
666 1070 855 1108 generum
893 1055 1354 1107 singulorum—omnem
1388 1068 1480 1093 con-

147 1125 387 1165 locationem
406 1126 458 1164 ad
478 1125 598 1163 finem
617 1123 883 1162 accommodo
909 1120 1162 1172 quaestionis.
1221 1122 1327 1159 Nam
1354 1127 1412 1159 est
1438 1119 1479 1158 in

90 1205 126 1238 15
149 1183 352 1253 proposito
378 1189 467 1229 finis
496 1190 606 1237 fides,
629 1188 669 1227 in
689 1201 806 1227 causa
832 1185 904 1240 [et]
929 1188 1028 1226 fides
1057 1194 1097 1226 et
1126 1193 1268 1230 motus.
1327 1186 1420 1234 Qua
1438 1198 1479 1224 re

147 1269 239 1295 cum
263 1257 314 1295 de
338 1269 457 1294 causa
482 1254 629 1302 dixero,
650 1253 691 1292 in
718 1266 798 1304 quo
825 1252 926 1291 inest
952 1251 1211 1303 propositum,
1233 1252 1284 1290 de
1311 1258 1479 1301 utroque

146 1321 295 1361 dixero.
351 1323 396 1361 C.
424 1320 534 1371 Quid
560 1319 683 1358 habes
708 1318 824 1369 igitur
849 1319 900 1357 de
926 1330 1046 1356 causa
1070 1316 1231 1356 dicere?
1287 1317 1328 1355 P.
1358 1315 1481 1355 Audi—

146 1394 276 1426 torum
310 1400 397 1426 eam
427 1399 570 1437 genere
598 1383 797 1435 distingui.
857 1384 963 1421 Nam
991 1389 1059 1421 aut
1087 1382 1327 1420 auscultator
1356 1382 1479 1420 modo

147 1460 207 1492 est
226 1451 294 1502 qui
314 1451 424 1491 audit
443 1458 511 1490 aut
531 1450 783 1503 disceptator,
806 1448 847 1487 id
867 1455 926 1487 est
945 1446 1000 1486 rei
1020 1446 1319 1496 sententiaeque
1346 1447 1480 1485 mode-

88 1529 129 1551 20
148 1525 251 1557 rator
265 1532 276 1566 5
304 1517 357 1556 ita
376 1524 443 1556 aut
463 1524 506 1555 ut
526 1517 744 1555 delectetur
763 1513 832 1565 qui
854 1513 966 1552 audit
985 1519 1053 1551 aut
1076 1520 1119 1551 ut
1145 1519 1289 1550 statuat
1314 1511 1476 1562 aliquid.

147 1581 291 1621 Statuit
323 1588 456 1620 autem
485 1588 552 1619 aut
581 1581 632 1619 de
660 1578 888 1630 praeteritis,
919 1585 964 1616 ut
991 1577 1122 1626 iudex,
1150 1584 1219 1615 aut
1247 1578 1298 1616 de
1326 1576 1477 1624 futuris,

146 1654 190 1686 ut
209 1654 366 1686 senator
380 1661 390 1695 3
419 1646 474 1685 sic
501 1645 573 1684 tria
601 1646 700 1684 haec
729 1657 873 1696 genera
900 1642 1023 1682 iudici
1051 1641 1346 1682 deliberationis
1373 1655 1480 1682 exor-

146 1711 343 1760 nationis;
371 1724 473 1762 quae
493 1710 586 1761 quia
605 1709 645 1748 in
669 1709 917 1748 laudationes
941 1707 1111 1747 maxime
1137 1708 1372 1755 conferatur,
1394 1719 1480 1757 pro-

87 1853 127 1885 25
147 1842 187 1881 in
208 1842 290 1882 istis
310 1842 434 1882 tribus
454 1841 664 1892 generibus
685 1841 844 1880 orator?
900 1841 943 1878 P.
967 1837 1284 1877 Delectationem
1306 1837 1346 1876 in
1373 1851 1480 1877 exor-

146 1907 321 1956 natione,
354 1907 394 1945 in
428 1906 576 1946 iudicio
609 1913 677 1944 aut
710 1904 912 1944 saevitiam
942 1910 1010 1942 aut
1040 1902 1291 1942 clementiam
1323 1901 1476 1950 iudicis,

145 1972 185 2011 in
224 1973 408 2012 suasione
447 1979 514 2011 aut
556 1984 667 2022 spem
705 1977 773 2009 aut
810 1968 1173 2009 reformidationem
1211 1967 1476 2007 deliberantis.

147 2039 192 2079 C.
220 2039 302 2079 Cur
330 2038 444 2089 igitur
473 2039 550 2076 hoc
579 2038 668 2075 loco
697 2034 861 2087 exponis
889 2048 1033 2085 genera
1060 2035 1300 2073 causarum?
1356 2035 1398 2072 P.
1424 2035 1479 2071 Vt

147 2103 339 2144 rationem
360 2102 598 2143 conlocandi
619 2103 671 2140 ad
698 2102 817 2140 finem
841 2100 1033 2150 cuiusque
1055 2100 1372 2139 accommodem.
1431 2099 1475 2139 C.

87 2180 130 2212 30
149 2169 336 2218 Quonam
367 2169 528 2208 tandem
559 2167 712 2206 modo?
767 2168 810 2205 P.
843 2164 949 2215 Quia
982 2164 1126 2216 quibus
1159 2163 1200 2203 in
1233 2163 1478 2203 orationibus

188 2274 211 2304 6
234 2273 267 2303 in
285 2283 350 2304 om.
370 2271 404 2302 P
487 2270 644 2311 quaestio
662 2274 715 2301 est
731 2268 765 2299 P
853 2278 891 2300 12
915 2273 1027 2299 motus
1043 2277 1109 2299 om.
1129 2267 1162 2298 P
1252 2275 1290 2306 15
1314 2270 1348 2298 et
1365 2276 1432 2298 om.
1448 2266 1483 2297 P

149 2317 189 2347 16
211 2316 245 2347 in
262 2326 329 2356 qua
346 2314 435 2348 codd.
454 2314 527 2347 dett.
667 2314 706 2344 18
730 2313 794 2344 iam
813 2322 941 2353 genere
957 2311 991 2343 P
1104 2322 1147 2342 20
1169 2310 1227 2351 qui
1245 2310 1433 2341 delectetur
1448 2310 1482 2341 Ρ

145 2369 187 2399 23
212 2359 425 2391 laudationes
441 2359 529 2400 vulg.
544 2368 552 2390 :
576 2357 772 2389 laudatione
789 2356 822 2387 P
997 2365 1039 2395 24
1064 2355 1130 2386 iam
1145 2354 1272 2396 Stangl
1287 2365 1294 2386 :
1317 2358 1430 2385 tamen
1447 2353 1482 2384 Ρ

146 2413 202 2435 res
218 2413 283 2435 om.
301 2402 336 2434 P

1500 1324 1538 1347 10

146 1777 275 1828 prium
296 1777 373 1815 iam
395 1777 515 1815 habet
535 1789 582 1815 ex
601 1788 650 1814 eo
674 1788 833 1814 nomen.
893 1774 938 1814 C.
968 1774 1079 1822 Quas
1106 1786 1166 1812 res
1192 1772 1268 1812 sibi
1294 1771 1480 1823 proponit
1496 1752 1535 1834 ξι

1501 2112 1537 2135 12
