1696 2730
458 148 841 189 PARTITIONES
877 149 1214 190 ORATORIAE
1456 159 1508 200 27
1527 156 1570 200 96

175 259 349 312 periculo
369 259 664 300 commonendi.
713 261 847 310 Atque
873 258 914 298 hi
940 259 1102 310 quidem
1128 259 1386 311 perorationis
1412 268 1503 300 sunt

174 326 262 366 loci.
321 325 518 377 Principia
547 333 680 366 autem
718 324 759 364 in
791 325 996 365 sententiis
1029 324 1210 365 dicendis
1247 326 1380 366 brevia
1417 340 1503 366 esse
1521 334 1562 371 97

172 392 389 432 debebunt.
449 393 543 431 Non
563 390 669 431 enim
699 391 863 441 supplex
889 398 932 429 ut
955 391 1008 429 ad
1037 389 1211 430 iudicem
1234 390 1341 430 venit
1361 398 1500 439 orator,

172 458 243 496 sed
272 458 447 496 hortator
478 464 597 507 atque
633 463 752 496 actor.
810 456 904 504 Qua
931 468 971 494 re
1004 468 1225 506 proponere
1256 469 1337 506 qua
1370 463 1503 496 mente

135 536 153 568 5
171 521 290 571 dicat,
309 521 406 573 quid
425 521 530 569 velit,
551 521 696 572 quibus
724 521 775 560 de
803 521 920 559 rebus
948 519 1124 559 dicturus
1153 520 1202 560 sit
1229 521 1351 560 debet
1376 522 1503 562 horta-

169 586 281 638 rique
313 588 364 626 ad
403 600 444 626 se
477 586 646 626 breviter
680 585 880 625 dicentem
917 585 1174 625 audiendum.
1233 587 1337 625 Tota
1368 594 1500 626 autem

169 651 294 691 oratio
325 652 490 703 simplex
518 659 558 692 et
587 650 713 703 gravis
743 659 782 691 et
811 650 1017 691 sententiis
1053 651 1174 690 debet
1206 651 1379 691 ornatior
1415 665 1502 692 esse

168 730 288 768 quam
313 717 456 757 verbis.
1517 743 1569 782 28

223 785 270 824 C.
306 782 486 834 Cognovi
519 782 597 822 iam
630 781 869 823 laudationis
902 789 941 822 et
973 781 1166 822 suasionis
1199 784 1320 822 locos
1380 784 1500 822 Nunc
1517 804 1563 847 93

112 860 151 884 ιο
169 863 272 900 quae
287 849 442 889 iudiciis
460 849 764 888 accommodata
783 847 860 887 sint
875 855 1061 898 exspecto
1074 862 1085 896 3
1109 847 1229 898 idque
1245 847 1360 887 nobis
1375 861 1499 899 genus

169 922 313 954 restare
341 927 465 954 unum
494 921 602 964 put0.
662 915 704 953 P.
727 914 854 952 Recte
882 912 1086 963 intellegis.
1145 915 1278 964 Atque
1307 913 1390 952 eius
1417 913 1501 964 qui-

167 980 261 1019 dem
290 980 442 1030 generis
471 978 560 1017 finis
589 986 648 1018 est
675 978 880 1029 aequitas3
917 991 1019 1029 quae
1047 991 1129 1018 non
1159 978 1387 1030 simpliciter
1415 991 1500 1029 spe-

167 1051 296 1084 ctatur
332 1045 403 1084 sed
440 1058 487 1083 ex
520 1043 817 1095 comparatione
850 1057 932 1083 non
970 1057 1200 1094 numquam,
1237 1050 1279 1082 ut
1317 1057 1408 1083 cum
1446 1044 1498 1084 de

168 1109 372 1149 verissimo
400 1116 628 1148 accusatore
660 1108 902 1159 disceptatur
933 1115 1002 1148 aut
1032 1122 1123 1148 cum
1155 1108 1381 1149 hereditatis
1412 1108 1498 1148 sine

109 1186 148 1219 15
167 1177 253 1226 lege
272 1183 339 1214 aut
359 1175 443 1215 sine
462 1181 699 1214 testamento
718 1174 863 1225 petitur
880 1174 1078 1225 possessio
1095 1188 1106 1223 3
1142 1174 1182 1213 in
1206 1174 1350 1224 quibus
1370 1174 1498 1214 causis

166 1240 264 1291 quid
296 1240 461 1291 aequius
498 1247 617 1291 atque
654 1239 937 1290 aequissimum
976 1239 1025 1279 sit
1062 1239 1271 1290 quaeritur,
1311 1253 1408 1290 quas
1445 1241 1498 1279 ad

165 1318 304 1344 causas
333 1307 497 1344 facultas
526 1304 671 1355 petitur
697 1304 1083 1355 argumentationum
1112 1317 1159 1343 ex
1187 1304 1243 1344 eis
1271 1306 1323 1344 de
1351 1304 1497 1354 quibus

165 1384 258 1410 mox
286 1370 439 1410 dicetur
469 1370 678 1421 aequitatis
706 1369 814 1409 locis.
873 1371 1007 1420 Atque
1036 1369 1155 1409 etiam
1183 1377 1276 1409 ante
1304 1369 1495 1409 iudicium
1513 1385 1558 1418 99

11 1486 21 1491 .,
163 1437 216 1476 de
241 1435 522 1475 constituendo
547 1435 635 1486 ipso
663 1434 811 1474 iudicio
838 1436 938 1474 solet
963 1448 1050 1474 esse
1075 1434 1290 1483 contentio,
1313 1448 1405 1474 cum
1428 1443 1497 1475 aut

0 1496 26 1556 ἓξ
106 1517 147 1540 20
164 1501 266 1540 sitne
302 1500 407 1540 aetio
441 1500 495 1539 illi
524 1500 592 1551 qui
620 1500 699 1551 agit
727 1507 795 1539 aut
827 1500 959 1540 iamne
996 1500 1046 1540 sit
1073 1507 1141 1539 aut
1170 1514 1266 1539 num
1296 1499 1375 1542 iam
1409 1514 1496 1542 esse

163 1566 323 1606 desierit
359 1574 428 1605 aut
465 1566 583 1604 illane
619 1567 716 1616 lege,
751 1565 865 1604 hisne
896 1565 1025 1604 verbis
1062 1565 1112 1604 sit
1149 1564 1253 1605 actio
1283 1565 1492 1616 quaeritur.

162 1633 279 1682 Quae
298 1631 417 1671 etiam
437 1630 470 1669 si
495 1638 588 1670 ante
611 1643 731 1680 quam
757 1643 819 1669 res
846 1629 888 1668 in
913 1629 1104 1669 iudicium
1124 1629 1231 1670 venit
1250 1637 1318 1669 aut
1336 1644 1496 1670 concer-

162 1704 243 1736 tata
270 1704 338 1735 aut
365 1695 582 1736 diiudicata
609 1703 677 1734 aut
705 1696 887 1735 confecta
914 1708 996 1735 non
1024 1702 1128 1743 sunt,
1159 1703 1291 1735 tamen
1325 1695 1366 1734 in
1399 1695 1494 1747 ipsis

162 1761 319 1801 iudiciis
337 1774 597 1812 permagnum
623 1773 741 1810 saepe
770 1761 919 1799 habent
947 1761 1116 1810 pondus,
1138 1774 1230 1799 cum
1254 1760 1308 1800 ita
1327 1760 1493 1801 dicitur:

104 1843 145 1878 ²5
164 1828 258 1867 Plus
283 1826 414 1877 petisti
431 1841 442 1875 3
470 1839 558 1865 sero
583 1825 741 1876 petisti3
769 1838 851 1864 non
875 1824 948 1864 fuit
973 1832 1040 1864 tua
1065 1825 1204 1876 petitio
1217 1840 1228 1874 ;
1256 1839 1337 1865 non
1366 1839 1390 1865 a
1415 1840 1490 1877 me,

163 1905 244 1932 non
277 1893 352 1931 hac
381 1893 476 1942 lege,
508 1904 589 1930 non
619 1890 679 1929 his
707 1890 846 1938 verbis,
877 1903 959 1930 non
988 1891 1065 1929 hoc
1094 1890 1254 1930 iudicio.
1312 1892 1492 1940 Quarum
1513 1906 1577 1931 100

161 1971 367 1997 causarum
400 1969 525 2007 genus
563 1963 622 1995 est
658 1955 832 2006 positum
870 1954 911 1994 in
949 1954 1031 1995 iure
1067 1955 1183 2003 civili,
1218 1957 1328 2006 quod
1358 1964 1417 1995 est
1450 1956 1491 1996 in

159 2022 396 2074 privatarum
428 2029 467 2061 et
500 2020 747 2072 publicarum
778 2034 907 2060 rerum
937 2022 1022 2071 lege
1054 2027 1123 2060 aut
1155 2034 1265 2061 more
1293 2020 1466 2072 positum
1482 2036 1493 2070 ,·

161 2087 273 2127 cuius
311 2086 475 2126 scientia
507 2087 686 2136 neglecta
717 2086 768 2125 ab
802 2085 1022 2125 oratoribus
1054 2085 1252 2137 plerisque
1289 2086 1405 2126 nobis
1438 2089 1492 2127 ad

104 2165 144 2196 30
162 2152 378 2192 dicendum
421 2150 641 2191 necessaria
674 2150 839 2190 videtur.
906 2151 1000 2200 Qua
1035 2164 1076 2190 re
1113 2152 1165 2191 de
1201 2151 1490 2192 constituendis

160 2217 394 2266 actionibus,
416 2218 467 2256 de
486 2215 689 2267 capiendis
709 2215 977 2256 subeundisve
996 2215 1162 2265 iudiciis,
1183 2218 1235 2257 de
1258 2216 1492 2269 excipienda

204 2338 225 2367 4
248 2332 343 2360 actor
357 2326 391 2358 Ρ
404 2337 412 2359 :
435 2331 553 2358 auctor
566 2325 655 2357 codd.
791 2334 829 2364 15
852 2329 911 2356 aut
932 2324 1008 2357 sine
1024 2325 1113 2367 vulg.
1130 2337 1137 2356 :
1161 2336 1200 2358 ac
1215 2326 1290 2358 sine
1305 2326 1340 2358 P
1439 2331 1490 2358 te·

161 2371 324 2403 §timonio
354 2370 388 2403 P
501 2380 543 2409 24
568 2370 690 2400 dicitur
702 2368 900 2400 Manutius:
930 2369 1088 2401 dicuntur
1117 2369 1208 2402 codd.
1328 2379 1370 2410 25
1394 2370 1490 2411 prius

160 2414 305 2447 Stroebel
403 2423 443 2456 31
470 2413 604 2446 actione
622 2413 655 2444 P
740 2412 782 2444 de
798 2412 974 2453 capiendis
987 2411 1141 2454 Sauppe:
1164 2413 1373 2455 accipiendis
1388 2413 1477 2446 codd.

1339 2468 1400 2501 15·
