1696 2730
688 159 925 200 ORATOR
1423 169 1468 209 14
1489 163 1532 207 46

140 270 308 310 tenuiter
336 269 568 318 disserendi,
597 270 667 309 sed
695 271 748 309 ad
776 269 932 320 copiam
962 270 1163 308 rhetorum
1192 268 1234 307 in
1263 275 1470 319 utramque

139 343 301 386 partem,
323 343 367 374 ut
390 334 565 374 ornatius
594 342 633 374 et
661 335 820 374 uberius
846 334 926 374 dici
954 341 1102 385 posset,
1124 333 1297 373 exercuit
1310 348 1320 382 ;
1349 333 1471 373 idem-

138 413 217 450 que
249 399 471 439 locos-—sic
499 399 606 439 enim
636 399 976 451 appellat—quasi
1005 406 1327 450 argumentorum
1356 405 1470 438 notas

138 465 299 504 tradidit
319 466 426 504 unde
452 465 583 504 omnis
603 465 643 503 in
670 473 879 516 utramque
909 472 1061 515 partem
1088 465 1306 503 traheretur
1331 463 1466 502 oratio.

99 546 118 579 5
140 530 274 569 Faciet
292 529 408 580 igitur
436 530 501 569 hic
529 537 800 570 noster—non
829 529 936 569 enim
963 531 1270 569 declamatorem
1295 528 1469 579 aliquem

139 595 190 634 de
210 596 305 634 ludo
324 602 392 633 aut
420 595 597 634 rabulam
625 596 676 634 de
695 596 791 643 foro,
814 596 885 633 sed
911 594 1188 634 doctissimum
1208 602 1247 633 et
1275 593 1472 645 perfectis-

139 659 283 698 simum
309 659 599 710 quaerimus—,
622 667 675 707 ut,
705 659 894 710 quoniam
921 659 998 698 loci
1024 659 1120 699 certi
1143 660 1360 707 traduntur,
1389 672 1472 710 per-

139 732 268 764 currat
287 724 431 774 omnis,
443 732 575 764 utatur
593 724 706 776 aptis,
720 724 937 776 generatim
957 725 1064 764 dicat
1077 739 1088 773 3
1117 738 1165 763 ex
1184 737 1265 775 quo
1285 732 1471 763 emanent

139 789 259 829 etiam
292 789 360 840 qui
391 803 625 829 communes
662 791 910 841 appellantur
942 789 1030 829 loci.
1090 791 1178 829 Nec
1210 803 1303 828 vero
1341 796 1472 828 utetur

81 869 122 892 10
139 854 411 905 imprudenter
430 856 505 894 hac
525 855 651 906 copia,
673 856 744 894 sed
764 854 899 894 omnia
925 856 1122 906 expendet
1142 862 1181 894 et
1201 854 1336 905 seliget
1349 869 1360 903 3
1388 867 1470 893 non

138 919 245 959 enim
274 933 430 970 semper
456 933 530 959 nec
558 920 599 958 in
627 919 813 959 omnibus
842 919 970 959 causis
999 933 1046 959 ex
1073 919 1200 959 isdem
1229 921 1317 959 locis
1343 921 1469 958 eadem

1488 511 1531 550 15

137 993 459 1035 argumentorum
489 993 692 1024 momenta
723 993 824 1024 sunt.
885 984 1085 1024 Iudicium
1118 984 1234 1035 igitur
1263 984 1469 1024 adhibebit
1488 991 1530 1030 48

138 1063 213 1090 nec
238 1049 413 1089 inveniet
442 1051 570 1088 solum
597 1050 695 1100 quid
718 1050 824 1089 dicat
848 1051 919 1089 sed
945 1049 1064 1089 etiam
1093 1051 1299 1100 expendet.
1358 1049 1470 1088 Nihil

138 1114 245 1154 enim
279 1122 337 1154 est
370 1114 536 1154 feracius
567 1114 745 1165 ingeniis,
777 1114 832 1154 eis
863 1115 1091 1165 praesertim
1122 1129 1224 1165 quae
1253 1114 1470 1165 disciplinis
1499 1130 1502 1132 ·

81 1191 120 1224 15
139 1181 293 1218 exculta
312 1186 412 1218 sunt.
472 1180 551 1218 Sed
571 1187 614 1218 ut
634 1187 786 1230 segetes
805 1181 1001 1218 fecundae
1021 1187 1059 1219 et
1079 1180 1220 1219 uberes
1239 1193 1322 1219 non
1341 1181 1471 1219 solum

138 1245 267 1295 fruges
287 1258 422 1283 verum
443 1244 586 1283 herbas
606 1244 725 1283 etiarn
746 1245 956 1283 effundunt
975 1244 1266 1283 inimicissimas
1281 1244 1468 1295 frugibus,

138 1309 194 1348 sic
232 1309 430 1348 interdum
468 1323 516 1348 ex
548 1309 623 1348 illis
656 1309 754 1349 locis
786 1317 854 1348 aut
886 1309 988 1349 levia
1020 1311 1217 1360 quaedam
1245 1317 1314 1348 aut
1342 1309 1469 1348 causis

137 1373 266 1413 aliena
284 1382 351 1413 aut
371 1387 453 1413 non
473 1374 582 1413 utilia
601 1374 823 1426 gignuntur.
869 1376 1051 1424 Quorum
1071 1375 1122 1414 ab
1138 1375 1301 1414 oratoris
1321 1374 1469 1414 iudicio

11 1483 15 1490 κ
138 1439 306 1479 dilectus
340 1441 420 1478 m'si
449 1453 614 1490 magnus
651 1439 915 1488 adhibebitur,
952 1453 1127 1491 quonam
1166 1441 1288 1479 modo
1325 1440 1390 1480 ille
1428 1440 1468 1479 in
1487 1455 1529 1487 49

11 1513 33 1524 ⁸
79 1522 122 1545 20
139 1504 255 1544 bonis
275 1504 451 1543 haerebit
480 1511 519 1543 et
544 1504 739 1544 habitabit
764 1504 845 1544 suis
864 1512 932 1544 aut
958 1505 1109 1544 molliet
1134 1506 1232 1544 dura
1254 1512 1322 1543 aut
1342 1507 1471 1544 occul-

140 1569 239 1608 tabit
268 1582 369 1620 quae
398 1569 495 1607 dilui
524 1583 606 1608 non
634 1577 821 1620 poterunt
853 1578 972 1620 atque
1002 1569 1168 1609 omnino
1201 1569 1407 1620 opprimet,
1439 1570 1472 1609 si

139 1633 283 1681 licebit,
306 1641 374 1672 aut
387 1634 566 1676 ‚abducet
592 1633 746 1673 animos
772 1642 839 1673 aut
865 1634 973 1674 aliud
1002 1636 1162 1682 adferet,
1187 1636 1295 1685 quod
1316 1635 1472 1685 opposi-

140 1706 223 1737 tum
250 1698 493 1748 probabilius
522 1698 571 1737 sit
597 1712 717 1749 quam
746 1699 843 1738 illud
870 1700 979 1750 quod
1006 1699 1209 1738 obstabit?
1266 1701 1352 1738 Iam
1378 1713 1471 1740 vero
1491 1722 1532 1755 50

140 1777 187 1803 ea
217 1776 319 1814 quae
350 1762 542 1802 invenerit
572 1776 651 1813 qua
683 1763 885 1814 diligentia
917 1764 1173 1803 conlocabit?
1209 1764 1399 1814 quoniam
1430 1764 1472 1805 id

82 1846 120 1878 25
141 1829 362 1868 secundum
401 1836 482 1867 erat
526 1829 577 1867 de
621 1828 755 1867 tribus.
833 1828 1040 1868 Vestibula
1077 1828 1263 1868 nimirum
1305 1831 1471 1870 honesta

139 1893 351 1944 aditusque
370 1894 422 1932 ad
441 1907 602 1932 causam
618 1893 734 1932 faciet
754 1893 926 1932 inlustris
939 1908 950 1942 ;
979 1907 1151 1944 cumque
1170 1894 1325 1934 animos
1345 1895 1471 1946 prima

138 1958 391 2010 adgressione
417 1957 679 2009 occupaverit,
705 1958 943 1998 †infirmabit
965 1960 1226 2010 excludetque
1252 1960 1445 2000 contraria
1459 1976 1470 2010 3

139 2025 191 2064 de
211 2023 442 2063 firmissimis
461 2023 538 2062 alia
557 2023 682 2074 prima
701 2031 823 2075 ponet
849 2023 925 2063 alia
950 2032 1149 2075 postrema
1177 2023 1471 2077 inculcabitque

140 2088 297 2129 leviora.

197 2186 225 2214 1,
244 2186 264 2206 2
287 2176 322 2206 in
340 2181 518 2216 utramque
549 2180 682 2215 partem
708 2175 779 2206 secl.
810 2174 960 2206 Eussner
1087 2185 1107 2205 2
1129 2180 1246 2215 posset
1261 2174 1471 2208 Lambinus:

143 2220 251 2260 possit
275 2218 304 2249 L
459 2229 478 2259 5
503 2219 602 2250 saciet
626 2218 843 2250 Gulielmius:
874 2218 974 2250 facile
999 2217 1028 2248 L
1182 2220 1203 2249 8
1234 2225 1395 2252 emanent
1418 2219 1470 2253 L:

142 2267 304 2294 emanant
319 2262 407 2303 vulg.
544 2272 579 2294 11
606 2273 649 2293 ex
667 2262 775 2293 isdem
787 2261 818 2293 L
832 2273 838 2293 :
863 2262 947 2293 loeis
963 2262 1081 2293 eadem
1097 2261 1172 2293 add.
1192 2261 1334 2303 Madvig
1431 2274 1470 2295 12

142 2311 312 2339 momenta
329 2306 494 2338 sumenda
512 2306 633 2336 maluit
647 2305 797 2336 Eussner
926 2316 965 2346 ¹9
989 2306 1052 2336 nisi
1069 2304 1145 2337 add.
1166 2305 1378 2338 Mommsen:
1395 2311 1473 2347 post

141 2360 283 2390 quorum
301 2349 378 2381 add.
393 2349 518 2390 Stangl
647 2359 687 2388 27
714 2349 898 2380 infirmabit
915 2348 944 2378 L
959 2361 964 2380 ;
982 2349 1090 2380 locum
1106 2349 1152 2380 sic
1166 2349 1350 2381 instaurari
1371 2351 1473 2382 voluit

142 2392 285 2434 Sauppe,
320 2393 546 2434 occupaverit,
572 2398 606 2424 et
632 2393 812 2433 perspicue
845 2393 1061 2432 breviterque
1085 2393 1284 2434 narraverit,
1310 2403 1372 2425 sua
1393 2404 1471 2426 con-

142 2436 308 2468 firmabit:
333 2447 403 2468 rem
420 2441 582 2477 exponet,
604 2447 665 2468 sua
682 2436 893 2467 confirmabit
909 2436 1059 2475 Kayser:
1082 2437 1141 2467 alii
1153 2437 1221 2468 alia
1355 2438 1397 2468 28
1421 2438 1470 2469 in-

142 2480 285 2512 culcabit
299 2480 491 2522 locabitque
508 2481 542 2511 in
560 2480 672 2512 medio
687 2480 813 2512 leviora
827 2491 834 2512 :
856 2478 992 2520 Sandys
1006 2490 1072 2511 non
1090 2480 1176 2512 male
