1696 2730
157 130 208 177 87

228 145 291 180 299
596 128 653 166 M.
694 127 864 165 TVLLI
904 125 1214 166 CICERONIS

149 259 212 292 ²99
231 240 474 280 imitaremur
501 254 584 280 non
610 239 869 279 habebamus.
930 239 1053 289 Quod
1078 245 1212 277 autem
1242 238 1373 288 plures
1399 249 1422 276 a
1447 235 1564 275 nobis

231 306 424 346 nominati
459 313 561 354 sunt,
591 319 640 345 eo
671 305 870 356 pertinuit,
905 313 948 344 ut
977 306 1096 356 paulo
1125 311 1218 342 ante
1248 301 1340 351 dixi,
1371 302 1482 353 quod
1510 300 1566 340 in-

230 373 361 424 tellegi
390 372 508 420 volui,
540 372 581 410 in
611 385 672 420 eo,
696 371 808 410 cuius
832 384 972 410 omnes
1002 368 1248 421 cupidissimi
1275 375 1418 415 essent,
1445 381 1565 418 quarn

231 439 348 490 pauci
385 437 494 490 digni
531 437 695 476 nomine
729 438 952 476 evaderent.
1013 437 1147 485 Quare
1178 436 1308 486 εἴρωνα
1340 447 1416 483 me,
1449 447 1500 480 ne
1533 432 1567 472 si

231 504 441 543 Africanus
470 502 633 554 quidem
662 502 746 550 fuit,
778 510 821 541 ut
849 502 902 541 ait
933 502 974 541 in
1007 501 1170 541 historia
1199 514 1271 540 sua
1300 501 1345 540 C.
1378 498 1564 547 Fannius,
1585 509 1603 542 5

232 569 443 610 existimari
463 569 592 608 velim.
651 570 706 607 Vt
725 570 844 616 voles,
867 567 997 619 inquit
1017 567 1186 606 Atticus.
1248 568 1335 618 Ego
1355 564 1464 605 enim
1483 578 1566 604 non

231 635 405 675 alienum
435 650 458 675 a
486 643 525 674 te
558 634 763 686 putabam,
793 635 902 685 quod
932 641 971 672 et
999 632 1041 671 in
1069 633 1259 671 Africano
1288 630 1425 670 fuisset
1457 637 1497 669 et
1525 629 1566 668 in

152 712 214 743 300
232 702 404 740 Socrate.
463 703 569 739 Tum
595 703 764 739 Brutus:
796 701 859 738 De
884 699 961 738 isto
986 705 1126 749 postea
1139 713 1149 746 3
1179 698 1250 737 sed
1276 704 1329 745 tu,
1351 695 1480 747 inquit
1503 708 1568 734 me

153 1074 213 1104 301

156 1705 216 1735 30²

156 2161 219 2190 303

231 766 401 814 intuens,
425 766 622 806 orationes
642 765 758 805 nobis
778 773 929 804 veteres
950 763 1194 815 explicabis?
1249 765 1367 810 Vero,
1390 760 1566 812 inquam,
1673 807 1675 814 ὲ

234 835 368 881 Brute,
395 834 466 872 sed
485 832 526 871 in
547 833 732 872 Cumano
747 838 815 870 aut
834 830 876 869 in
895 831 1127 869 Tusculano
1146 828 1378 879 aliquando,
1393 826 1426 866 si
1445 828 1568 866 modo
1588 836 1629 859 10
1667 859 1668 862 ,

232 898 378 946 licebit,
401 898 590 949 quoniam
612 905 782 947 utroque
802 896 843 934 in
863 897 954 934 loco
973 894 1091 934 vicini
1113 907 1260 933 sumus.
1320 893 1399 932 Sed
1419 892 1498 932 iam
1517 892 1569 932 ad

233 963 274 1003 id
294 965 402 1002 unde
422 962 585 1014 digressi
605 975 742 1001 sumus
761 968 1010 1000 revertamur.

290 1029 531 1068 Hortensius
558 1028 674 1079 igitur
703 1041 795 1067 cum
821 1028 1042 1066 admodum
1066 1027 1300 1065 adulescens
1330 1037 1441 1064 orsus
1467 1030 1571 1063 esset

234 1095 273 1134 in
294 1097 380 1134 foro
400 1095 542 1142 dicere,
565 1093 743 1133 celeriter
765 1094 817 1132 ad
843 1092 1012 1132 maiores
1032 1105 1172 1131 causas
1197 1090 1380 1131 adhiberi
1404 1096 1570 1141 coeptus

233 1169 315 1200 est:
345 1167 382 1199 et
408 1173 652 1211 quamquam
682 1159 875 1198 inciderat
903 1158 944 1197 in
970 1159 1113 1198 Cottae
1142 1164 1181 1197 et
1210 1155 1361 1208 Sulpici
1385 1162 1568 1203 aetatem,
1591 1168 1628 1201 15
1668 1149 1672 1178 ’ἶ

234 1227 301 1278 qui
332 1226 448 1265 annis
477 1228 618 1266 decem
646 1225 814 1264 maiores
845 1230 968 1273 erant,
995 1225 1215 1263 excellente
1243 1230 1328 1261 tum
1359 1222 1504 1262 Crasso
1533 1227 1572 1260 et

234 1292 426 1340 Antonio,
458 1291 551 1332 dein
582 1290 779 1342 Philippo,
809 1297 901 1341 post
930 1289 1044 1338 Iulio,
1077 1302 1170 1328 cum
1199 1288 1260 1327 his
1289 1287 1384 1339 ipsis
1410 1285 1572 1326 dicendi

235 1358 359 1410 gloria
387 1358 701 1408 comparabatur.
763 1355 940 1394 Primum
967 1354 1163 1405 memoria·
1187 1361 1297 1393 tanta
1317 1359 1508 1404 quantam
1531 1351 1572 1390 in

236 1426 346 1463 nullo
367 1423 600 1475 cognovisse
627 1436 691 1461 me
714 1421 891 1470 arbitror,
913 1428 956 1460 ut
983 1434 1086 1472 quae
1114 1433 1250 1460 secum
1279 1424 1572 1459 commentatus

235 1497 352 1539 esset,
372 1503 419 1529 ea
439 1489 523 1528 sine
555 1488 700 1539 scripto
720 1487 849 1532 verbis
876 1487 1028 1526 eisdem
1054 1487 1238 1525 redderet
1257 1484 1403 1536 quibus
1429 1482 1572 1534 cogita·
1593 1495 1634 1518 20
1666 1523 1668 1525 .

235 1556 363 1595 visset.
440 1557 534 1594 Hoc
564 1554 798 1594 adiumento
828 1553 893 1592 ille
920 1559 1031 1591 tanto
1060 1551 1116 1591 sic
1147 1551 1332 1590 utebatur
1359 1557 1403 1589 ut
1433 1562 1505 1588 sua
1534 1556 1573 1588 et

236 1627 507 1661 commentata
537 1627 576 1659 et
609 1619 754 1670 scripta
784 1626 823 1658 et
854 1620 964 1657 nullo
998 1619 1191 1658 referente
1229 1615 1366 1655 omnia
1402 1615 1573 1672 omniufn

236 1686 548 1728 adversariorum
579 1685 687 1725 dicta
719 1683 976 1724 meminisset.
1036 1683 1215 1722 Ardebat
1252 1689 1387 1721 autem
1425 1679 1573 1732 cupidi-

237 1761 317 1793 tate
346 1752 402 1792 sic
432 1760 476 1791 ut
505 1751 546 1790 in
575 1753 685 1790 nullo
715 1763 907 1801 umquam
937 1748 1163 1800 flagrantius
1190 1747 1367 1787 studium
1393 1745 1571 1787 viderim.

238 1821 403 1859 Nullum
425 1817 531 1857 enim
552 1817 776 1869 patiebatur
795 1830 882 1855 esse
909 1815 1016 1855 diem
1036 1813 1133 1865 quin
1162 1820 1230 1852 aut
1249 1812 1290 1852 in
1313 1814 1400 1852 foro
1425 1811 1574 1851 diceret
1594 1825 1634 1859 25
1670 1800 1695 1838 1⁵

237 1893 304 1924 aut
325 1884 581 1924 meditaretur
600 1890 707 1923 extra
726 1884 868 1922 forum.
933 1879 1171 1932 Saepissime
1191 1887 1324 1918 autem
1345 1879 1489 1918 eodem
1509 1877 1574 1917 die

238 1959 450 2001 utrumque
496 1949 678 1988 faciebat.
736 1949 1014 1998 Attuleratque
1053 1945 1217 1984 minime
1254 1945 1412 1995 vulgare
1449 1956 1574 1995 genus

238 2016 399 2056 dicendi
414 2031 424 2065 3
458 2017 557 2055 duas
596 2013 760 2065 quidem
794 2027 855 2052 res
889 2026 988 2064 quas
1027 2025 1147 2052 nemo
1180 2010 1304 2050 alius:
1342 2008 1574 2061 partitiones

239 2081 383 2132 quibus
412 2082 463 2120 de
489 2080 607 2119 rebus
636 2079 812 2119 dicturus
842 2085 946 2118 esset
979 2085 1018 2117 et
1047 2075 1330 2124 conlectiones,
1354 2088 1508 2114 memor
1536 2081 1575 2113 et

239 2161 340 2198 quae
372 2154 503 2186 essent
537 2145 644 2185 dicta
677 2152 816 2184 contra
849 2157 1032 2195 quaeque
1062 2143 1147 2195 ipse
1176 2141 1349 2182 dixisset.
1408 2142 1503 2180 Erat
1532 2139 1574 2179 in
1595 2159 1639 2192 30
1668 2171 1673 2189 5

283 2262 303 2291 4
328 2252 440 2292 εἴρωνα
456 2251 546 2292 vulg.
563 2261 569 2282 ε
595 2250 703 2282 ironia
720 2249 750 2280 L
877 2258 916 2289 15
941 2253 976 2279 et
994 2247 1072 2280 add.
1090 2246 1223 2279 Ellendt
1313 2247 1354 2277 16
1375 2250 1474 2277 erant
1498 2244 1574 2278 add.

239 2295 320 2326 Rau
470 2296 509 2326 18
532 2295 567 2326 in
585 2294 678 2326 nullo
694 2293 782 2334 vulg.
799 2304 806 2324 :
832 2293 866 2323 in
884 2292 978 2324 nullo
995 2293 1069 2323 viro
1087 2291 1132 2323 0²
1144 2292 1205 2330 al:
1228 2290 1262 2322 in
1278 2289 1352 2322 viro
1371 2288 1477 2321 G¹M³
1493 2301 1501 2321 ι
1525 2289 1577 2320 in-

240 2340 310 2370 vito
331 2339 359 2370 C
481 2349 523 2369 22
549 2338 664 2369 omnia
679 2337 830 2368 omnium
845 2336 992 2377 Stangl:
1017 2336 1132 2367 omnia
1148 2335 1263 2366 omnia
1279 2332 1438 2365 FBHM:
1462 2332 1578 2365 omnia

241 2380 1123 2465 gniffii‘ffi]§SugiditateeoffllcssngssZaggtffajggnor
1138 2377 1451 2462 effiucacgllictiones
1466 2378 1556 2419 vulg·
1569 2390 1576 2410 ἶ
