1630 2730
666 150 885 190 BRVTVS
1389 161 1441 201 25
1457 167 1501 200 94

113 264 214 303 Sunt
243 262 362 302 etiam
394 263 437 301 L.
473 269 512 302 et
543 263 588 303 C.
624 262 875 302 Aureliorum
907 263 1146 310 Orestarum,
1178 277 1278 314 quos
1306 263 1442 314 aliquo

112 329 230 368 video
258 329 298 367 in
327 342 494 368 numero
521 336 720 368 oratorum
749 328 878 368 fuisse.
939 330 980 367 P.
1003 329 1121 368 etiam
1149 329 1324 380 Popilius
1348 343 1440 369 cum
1458 337 1499 371 95

111 394 207 433 civis
237 393 413 445 egregius
443 401 528 432 tum
559 407 640 433 non
675 393 886 433 indisertus
919 393 1015 443 fuit;
1059 394 1182 433 Gaius
1212 408 1305 434 vero
1338 395 1442 434 filius

111 459 194 499 eius
227 459 406 506 disertus,
442 459 646 510 Gaiusque
677 459 903 498 Tuditanus
940 473 1032 498 cum
1065 459 1175 498 omni
1207 460 1287 499 vita
1323 468 1443 511 atque

76 543 95 575 5
110 524 216 563 victu
237 526 413 563 excultus
432 532 553 575 atque
572 524 777 575 expolitus,
796 532 880 563 tum
900 525 984 564 eius
1004 526 1162 576 elegans
1182 533 1241 564 est
1261 525 1442 565 habitum

111 589 229 628 etiam
257 589 444 628 orationis
469 603 604 639 genus.
664 591 902 640 Eodemque
921 589 961 628 in
989 604 1133 641 genere
1153 598 1212 629 est
1231 590 1389 630 habitus
1410 591 1443 630 is

111 654 179 705 qui
208 654 349 693 iniuria
376 662 539 705 accepta
567 654 679 706 fregit
707 655 767 694 Ti.
791 657 1017 694 Gracchum
1047 655 1245 706 patientia,
1277 656 1373 695 civis
1402 656 1443 695 in

111 721 228 759 rebus
275 720 435 771 optimis
482 721 824 760 constantissimus
873 723 929 760 M.
973 721 1173 761 Octavius.
1250 723 1303 760 At
1350 735 1443 761 vero

112 787 170 824 M.
188 785 380 825 Aemilius
408 786 593 837 Lepidus,
617 785 685 837 qui
704 793 764 825 est
783 786 951 825 Porcina
977 786 1117 835 dictus,
1139 787 1266 826 isdem
1294 795 1444 838 tempo-

55 850 218 890 roribus
238 852 318 890 fere
346 851 490 902 quibus
510 852 649 898 Galba,
671 852 742 890 sed
770 852 890 902 paulo
919 851 1047 891 minor
1075 860 1170 890 natu
1196 860 1235 891 et
1264 865 1443 891 summus

111 923 242 954 orator
261 923 319 955 est
338 916 497 955 habitus
520 923 559 955 et
578 916 660 964 fuit,
683 924 726 955 ut
744 924 907 967 apparet
932 930 980 956 ex
998 917 1254 965 orationibus,
1276 917 1442 968 scriptor

111 994 207 1020 sane
234 982 375 1020 bonus.
434 983 529 1021 Hoc
556 981 597 1020 in
617 989 771 1021 oratore
799 982 943 1022 Latino
970 983 1142 1033 primum
1171 983 1268 1022 mihi
1287 983 1441 1022 videtur
1459 983 1502 1027 96

111 1053 150 1085 et
169 1046 306 1085 levitas
325 1046 552 1097 apparuisse
566 1047 632 1086 illa
652 1048 893 1086 Graecorum
909 1055 948 1087 et
966 1048 1176 1087 verborum
1191 1049 1443 1099 comprensio

112 1118 151 1150 et
184 1111 261 1150 iam
294 1112 446 1160 artifex,
478 1119 521 1151 ut
554 1112 608 1151 ita
637 1112 780 1160 dicam,
814 1113 936 1152 stilus.
997 1115 1121 1152 Hunc
1152 1108 1328 1153 studiose
1361 1116 1443 1153 duo

54 1194 93 1228 15
111 1178 384 1216 adulescentes
408 1177 712 1228 ingeniosissimi
743 1186 782 1217 et
810 1192 934 1229 prope
960 1180 1145 1229 aequales
1175 1180 1219 1219 C.
1243 1180 1376 1219 Carbo
1405 1187 1443 1218 et

111 1242 173 1280 Ti.
206 1243 410 1281 Gracchus
440 1242 576 1282 audire
609 1242 714 1282 soliti
745 1251 860 1291 sunt;
900 1245 951 1282 de
984 1243 1128 1294 quibus
1166 1243 1244 1282 iam
1282 1244 1443 1283 dicendi

112 1308 223 1346 locus
265 1307 337 1347 erit
375 1321 466 1346 cum
505 1309 556 1347 de
600 1308 821 1348 senioribus
859 1322 986 1359 pauca
1029 1309 1174 1348 dixero.
1246 1310 1295 1358 Q.
1336 1309 1443 1348 enim

114 1372 328 1423 Pompeius
347 1386 429 1411 non
457 1380 710 1424 contemptus
738 1381 869 1413 orator
897 1374 1140 1425 temporibus
1169 1373 1244 1413 illis
1271 1375 1352 1422 fuit,
1376 1374 1444 1425 qui

112 1450 291 1476 summos
310 1439 481 1477 honores
501 1440 624 1478 homo
643 1452 714 1490 per
733 1453 774 1478 se
794 1439 975 1490 cognitus
991 1439 1076 1479 sine
1092 1441 1172 1478 ulla
1191 1442 1445 1479 commenda-

54 1520 95 1544 ιο
113 1502 221 1542 tione
241 1502 435 1542 maiorum
455 1511 514 1542 est
532 1505 711 1554 adeptus.
756 1506 862 1543 Tum
884 1506 927 1543 L.
945 1505 1105 1545 Cassius
1126 1507 1295 1544 multum
1315 1506 1444 1557 potuit
1461 1517 1505 1550 97

113 1581 194 1606 non
214 1569 450 1619 eloquentia,
473 1570 543 1608 sed
569 1569 743 1609 dicendo
762 1577 920 1618 tamen;
949 1571 1072 1610 homo
1097 1584 1179 1609 non
1199 1571 1441 1618 liberalitate,

113 1641 156 1672 ut
175 1633 251 1680 alii,
269 1635 339 1672 sed
359 1633 444 1684 ipsa
463 1634 618 1673 tristitia
636 1642 675 1674 et
695 1635 900 1674 severitate
919 1635 1129 1686 popularis,
1147 1635 1259 1675 cuius
1280 1636 1443 1686 quidem

113 1697 188 1748 legi
213 1698 437 1738 tabellariae
462 1701 518 1737 M.
540 1700 684 1738 Antius
707 1700 819 1739 Briso
839 1700 1018 1739 tribunus
1045 1701 1172 1751 plebis
1199 1701 1267 1740 diu
1291 1701 1440 1749 restitit,

116 1766 172 1802 M.
193 1764 346 1815 Lepido
366 1766 529 1804 consule
543 1765 757 1804 adiuvante
770 1780 781 1814 3
809 1779 935 1816 eaque
955 1779 1015 1805 res
1032 1768 1073 1805 P.
1089 1767 1278 1806 Africano
1296 1767 1445 1818 vitupe-

55 1850 95 1882 ²5
114 1829 255 1869 rationi
287 1830 370 1878 fuit,
404 1832 514 1881 quod
552 1831 635 1870 eius
665 1831 899 1870 auctoritate
935 1833 986 1871 de
1019 1832 1214 1871 sententia
1247 1834 1443 1872 deductus

114 1896 227 1936 Briso
264 1897 486 1947 putabatur.
543 1899 650 1936 Tum
687 1899 770 1936 duo
808 1897 1030 1949 Caepiones
1069 1900 1237 1937 multum
1281 1899 1444 1938 clientes

112 1961 280 2001 consilio
299 1970 338 2001 et
365 1962 507 2013 lingua,
530 1964 618 2014 plus
643 1963 876 2003 auctoritate
899 1971 1032 2003 tamen
1058 1971 1098 2003 et
1119 1964 1242 2015 gratia
1267 1965 1445 2004 subleva-

114 2026 219 2066 bant.
265 2028 350 2066 Sex.
379 2027 540 2079 Pompei
560 2036 651 2067 sunt
671 2028 814 2079 scripta
833 2042 907 2068 nec
927 2029 1044 2068 nimis
1064 2037 1284 2077 extenuata,
1307 2043 1443 2080 quam·
1459 2059 1514 2096 26

113 2105 232 2142 quam
253 2100 428 2132 veterum
448 2100 507 2132 est
526 2093 674 2141 similis,
696 2101 735 2133 et
754 2095 871 2144 plena
890 2094 1133 2145 prudentiae.
1189 2096 1231 2134 P.
1254 2095 1442 2135 Crassum

55 2175 98 2208 30
114 2159 228 2197 valde
246 2158 457 2208 probatum
478 2166 672 2198 oratorem
693 2159 819 2198 isdem
839 2160 919 2199 fere
938 2160 1182 2211 temporibus
1202 2160 1441 2211 accepimus,

113 2222 181 2274 qui
218 2230 258 2262 et
290 2223 449 2274 ingenio
482 2224 604 2263 valuit
631 2232 670 2264 et
699 2224 832 2264 studio
861 2233 899 2264 et
928 2225 1067 2264 habuit
1100 2227 1292 2277 quasdam
1323 2226 1443 2266 etiam

1460 2121 1502 2162 98

155 2336 176 2366 3
202 2326 286 2358 ciuis
310 2326 411 2359 FG²:
445 2327 541 2360 euius
567 2328 596 2360 C
760 2338 799 2359 10
823 2329 936 2359 minor
958 2329 1069 2370 vulga
1103 2330 1215 2362 minus
1239 2329 1268 2361 L
1404 2341 1443 2371 14

112 2375 146 2401 et
163 2371 228 2402 iam
245 2370 368 2402 Faber:
391 2372 492 2403 etiam
507 2371 538 2403 L
675 2373 718 2402 26
742 2372 842 2403 Briso
859 2371 888 2402 L
905 2384 911 2404 :
937 2373 1058 2405 Restio
1076 2373 1213 2406 Martha
1301 2374 1444 2407 clientes

112 2413 251 2445 FOM’:
276 2415 429 2446 dieentes
446 2415 475 2447 C
615 2416 657 2446 28
682 2415 761 2448 Sex.
781 2414 939 2458 Madvig:
965 2417 1026 2448 sed
1043 2416 1072 2447 L
