1696 2730
728 143 940 187 TOPICA
1444 147 1493 185 16
1514 150 1556 194 ⁶3

164 252 320 303 stantia,
339 253 380 293 in
399 252 485 293 aliis
503 267 585 294 non
605 253 717 294 inest.
778 257 827 295 In
846 262 984 295 natura
1003 262 1043 295 et
1069 253 1143 309 [in]
1170 263 1252 296 arte
1271 255 1494 296 constantia

165 325 236 366 est,
266 319 308 358 in
340 319 479 360 ceteris
512 321 630 359 nulla.
703 322 783 360 Sed
816 328 950 361 tamen
983 334 1117 361 earum
1149 335 1356 361 causarum
1389 334 1492 374 quae
1510 332 1554 373 17

165 397 247 423 non
285 393 376 425 sunt
413 393 641 426 constantes
677 386 778 427 aliae
815 394 906 427 sunt
944 387 1187 439 perspicuae,
1219 387 1319 427 aliae
1356 389 1489 427 latent.

165 450 401 502 Perspicuae
444 459 536 491 sunt
582 466 685 504 quae
728 453 1014 504 appetitionem
1058 452 1181 492 animi
1222 452 1494 504 iudiciumque

124 519 142 550 5
164 522 331 567 tangunt
344 531 355 565 3
383 518 507 557 latent
532 531 634 569 quae
660 517 862 557 subiectae
888 526 979 557 sunt
1005 519 1196 558 fortunae.
1255 518 1359 559 Cum
1386 517 1493 557 enim

164 580 262 620 nihil
300 581 386 622 sine
423 596 542 622 causa
580 585 657 631 fiat,
704 584 783 623 hoc
823 583 953 634 ipsum
991 591 1050 623 est
1088 584 1268 623 fortunae
1304 591 1469 624 eventus
1484 597 1495 632 ς

164 647 332 686 obscura
363 661 483 688 causa
514 655 554 688 et
586 650 753 688 latenter
784 648 959 688 efficitur.
1019 648 1151 688 Etiam
1184 662 1231 688 ea
1259 662 1361 699 quae
1394 650 1494 689 fiunt

162 711 304 763 partim
342 720 434 752 sunt
474 713 652 765 ignorata
694 714 835 765 partim
873 713 1093 753 voluntaria
1107 728 1118 762 3
1163 713 1349 763 ignorata„
1390 727 1493 764 quae

162 778 397 818 necessitate
422 780 562 819 effecta
586 788 678 820 sunt
692 795 703 829 3
734 780 968 829 voluntaria,
994 793 1096 831 quae
1122 779 1300 819 consilio.
1360 778 1492 832 [Quae
1510 781 1554 825 64

104 849 144 872 ¹0
161 848 295 880 autem
327 843 494 890 fortuna,
525 844 586 882 vei
618 843 796 894 ignorata
827 845 889 883 vel
921 840 1171 895 voluntaria]
1228 843 1333 882 Nam
1366 841 1493 883 iacere

162 907 285 946 telum
319 908 532 947 voluntatis
565 916 635 957 est,
670 908 782 948 ferire
820 922 939 960 quem
973 907 1145 947 nolueris
1183 908 1374 947 fortunae.
1433 909 1493 947 Ex

162 984 243 1021 quo
271 983 394 1012 Amas
423 985 640 1013 svmcrrvk
669 974 735 1014 ille
763 974 804 1013 in
832 974 970 1014 vestris
997 973 1245 1013 actionibus:
1284 985 1319 1012 si
1350 985 1491 1012 TELVM

164 1048 286 1076 MANV
312 1050 436 1078 Fvorr
461 1051 589 1078 MAG1s
611 1051 728 1085 QVAM
756 1052 877 1079 mcrr.
938 1041 1098 1080 Cadunt
1127 1038 1245 1078 etiam
1274 1038 1315 1078 in
1343 1038 1493 1090 ignora-

162 1101 312 1142 tionem
350 1111 469 1155 atque
505 1104 813 1156 imprudentiam
846 1105 1160 1156 perturbationes
1197 1104 1320 1143 animi
1334 1119 1345 1153 ,-
1390 1118 1492 1155 quae

102 1173 140 1205 15
163 1180 405 1219 quamquam
429 1177 521 1209 sunt
540 1170 1113 1221 voluntariae—obiurgatione
1131 1169 1238 1209 enim
1265 1176 1304 1208 et
1329 1171 1494 1209 admon-

161 1232 284 1273 itione
313 1234 724 1275 deiciuntur—-tamen
750 1237 899 1276 habent
925 1243 1056 1275 tantos
1081 1242 1224 1282 motus,
1246 1242 1290 1274 ut
1315 1248 1362 1274 ea
1390 1248 1492 1286 quae

161 1299 381 1339 voluntaria
408 1307 501 1339 sunt
525 1308 594 1339 aut
618 1301 839 1341 necessaria
866 1302 1066 1341 interdum
1091 1307 1159 1340 aut
1185 1307 1289 1339 certe
1315 1299 1493 1351 ignorata

162 1362 379 1403 videantur.
437 1367 544 1405 Toto
570 1365 687 1417 igitur
711 1368 801 1407 loco
822 1380 1028 1406 causarum
1055 1367 1264 1417 explicato,
1283 1379 1330 1405 ex
1355 1379 1490 1405 earum
1509 1367 1552 1411 65

160 1428 381 1469 differentia
422 1429 464 1469 in
508 1431 660 1482 magnis
704 1432 867 1483 quidem
911 1432 1038 1472 causis
1083 1432 1144 1471 vel
1188 1437 1387 1471 oratorum
1428 1432 1491 1470 vel

41 1514 45 1542 χ
98 1505 142 1528 20
160 1494 488 1546 philosophorum
527 1510 670 1548 magna
700 1505 1022 1549 argumentorum
1059 1496 1233 1548 suppetit
1265 1496 1380 1547 copia
1394 1512 1406 1545 ,-
1450 1497 1491 1537 in

159 1559 296 1599 vestris
321 1567 455 1600 autem
482 1561 514 1600 si
537 1575 619 1601 non
645 1563 812 1611 uberior,
833 1570 874 1602 at
898 1565 1063 1603 fortasse
1089 1561 1279 1602 subtilior.
1337 1562 1493 1602 Privata

159 1624 266 1664 enim
286 1625 433 1665 iudicia
452 1626 711 1666 maximarum
727 1627 890 1679 quidem
910 1641 1038 1667 rerum
1054 1627 1095 1666 in
1111 1627 1204 1666 iuris
1218 1628 1492 1666 consultorum

159 1688 257 1728 mihi
285 1689 469 1730 videntur
497 1705 584 1731 esse
611 1692 831 1743 prudentia.
891 1694 996 1732 Nam
1023 1699 1062 1732 et
1088 1693 1233 1732 adsunt
1259 1693 1428 1731 multum
1452 1699 1492 1732 et

158 1753 399 1794 adhibentur
430 1755 471 1795 in
505 1757 669 1796 consilia
702 1765 740 1797 et
773 1757 948 1808 patronis
981 1757 1236 1808 diligentibus
1268 1758 1320 1797 ad
1353 1770 1490 1797 eorum

100 1831 141 1864 ²5
159 1819 411 1870 prudentiam
437 1822 758 1872 confugientibus
783 1824 915 1862 hastas
942 1823 1174 1862 ministrant.
1235 1823 1283 1861 In
1303 1822 1490 1863 omnibus
1508 1824 1552 1859 66

157 1884 274 1936 igitur
300 1885 356 1925 eis
379 1886 549 1936 iudiciis,
569 1887 610 1926 in
631 1888 778 1938 quibus
798 1901 854 1927 Ex
876 1900 974 1928 mm
996 1900 1108 1928 BONA
1127 1895 1186 1927 est
1205 1887 1402 1937 additum,
1420 1887 1491 1928 ubi

159 1947 286 2003 [vero]
323 1950 443 1990 etiam
477 1964 530 1991 vT
568 1965 697 1992 1NTER
732 1965 865 1993 Bonos
905 1966 1015 1993 BENE
1051 1965 1181 1992 Aoum
1219 1965 1411 1993 OPORTET
1448 1953 1489 1993 in

158 2014 374 2067 primisque
407 2016 446 2056 in
480 2018 641 2058 arbitrio
675 2019 728 2058 rei
763 2018 931 2067 uxoriae,
967 2018 1008 2058 in
1042 2031 1122 2070 quo
1156 2025 1215 2058 est
1249 2030 1363 2065 QVOD
1396 2030 1488 2058 EIVS

158 2092 335 2126 AEvas
355 2094 522 2131 MEles‚
536 2083 660 2134 parati
681 2083 736 2123 eis
757 2097 844 2123 esse
863 2085 1023 2124 debent.
1083 2084 1147 2124 Illi
1167 2085 1304 2124 dolum
1326 2085 1489 2134 malurn,

98 2155 139 2188 30
157 2144 213 2184 illi
233 2146 352 2186 fidem
374 2147 536 2197 bonam,
551 2148 607 2187 illi
626 2162 799 2199 aequum
820 2149 983 2197 bonum,
1001 2148 1056 2188 illi
1077 2149 1173 2200 quid
1193 2149 1345 2189 socium
1365 2149 1487 2197 socio,

157 2210 255 2261 quid
282 2224 373 2250 eum
401 2212 469 2262 qui
502 2213 661 2263 negotia
689 2213 819 2253 aliena
849 2220 1023 2253 curasset
1050 2213 1087 2253 ei
1115 2213 1228 2253 cuius
1255 2227 1302 2253 ea
1331 2214 1490 2265 negotia

157 2275 334 2325 fuissent,
365 2276 462 2328 quid
491 2291 582 2318 eum
615 2278 683 2330 qui
712 2280 951 2327 mandasset,
988 2292 1130 2319 eumve
1160 2279 1224 2319 cui
1255 2281 1489 2321 mandatum

202 2387 217 2409 1
242 2378 275 2410 in
298 2389 365 2411 om.
391 2378 472 2412 ObL
650 2382 672 2412 6
696 2382 840 2418 fortuna,
861 2386 1004 2414 eventus
1027 2381 1084 2422 qui
1101 2406 1108 2414 .
1132 2406 1139 2413 .
1157 2406 1166 2414 .
1187 2382 1333 2414 efficitur
1348 2381 1491 2424 Madvig

155 2431 188 2463 9,
206 2431 246 2453 10
267 2422 365 2462 Quae
381 2446 390 2455 .
410 2447 419 2456 .
440 2447 449 2457 .
468 2424 659 2457 voluntaria
673 2424 734 2457 det.
751 2425 877 2458 Schatz
1007 2436 1048 2467 27
1072 2435 1153 2458 vero
1169 2436 1236 2458 om.
1255 2425 1346 2468 Odcf

202 2485 266 2508 cxc,
284 2485 412 2510 romu
1373 2481 1414 2513 17
