1696 2730
181 158 225 196 13
243 165 285 197 53
597 151 654 190 M.
695 152 865 190 TVLLI
905 151 1215 194 CICERONIS

239 262 410 314 pecunia
448 263 600 314 signata
636 272 842 316 argentum
881 273 950 314 est,
990 267 1119 317 legata
1163 274 1222 306 est
1265 265 1430 306 mulieri.
1503 269 1575 308 Est

237 335 372 368 autem
405 328 576 380 pecunia
609 329 761 381 signata
789 338 1005 382 argentum.
1066 333 1214 383 Legata
1245 331 1361 383 igitur
1393 339 1453 372 est
1466 347 1477 381 3
1522 346 1574 372 an

236 393 305 433 illo
333 396 480 434 modo:
529 395 570 435 Si
603 404 810 436 numerata
838 397 1008 453 pecunia
1037 412 1119 438 non
1148 406 1207 438 est
1235 400 1373 450 legata,
1403 413 1487 441 non
1515 408 1575 440 est
1629 425 1631 427 >

236 467 443 499 numerata
462 461 632 512 pecunia
650 470 867 514 argentum.
928 465 1000 503 Est
1019 471 1152 504 autem
1174 473 1380 504 numerata
1405 465 1575 516 pecunia

235 533 441 576 argentum
457 541 467 575 3
495 528 624 578 legata
642 527 758 579 igitur
778 536 837 568 est
850 544 861 578 3
889 542 940 568 an
960 529 1028 569 illo
1049 531 1195 570 modo:
1226 532 1320 570 Non
1341 538 1380 571 et
1400 533 1573 583 legatum
1593 539 1610 573 5

235 599 442 642 argentum
458 600 518 631 est
537 600 576 632 et
595 607 678 632 non
698 601 756 633 est
776 596 904 645 legata
923 603 1129 635 numerata
1147 596 1327 647 pecunia.
1378 598 1572 649 Legatum

235 664 369 696 autem
398 665 604 708 argentum
635 666 717 708 est3
755 661 882 711 legata
909 660 1026 711 igitur
1054 669 1260 701 numerata
1287 662 1458 713 pecunia
1486 665 1575 702 est?

178 731 217 762 54
235 723 452 773 Appellant
484 731 618 763 autem
652 725 850 765 dialectici
883 740 971 765 eam
1005 726 1305 767 conclusionem
1338 727 1570 779 argumenti,

235 787 275 826 in
314 801 403 839 qua,
443 802 536 828 cum
568 789 741 840 primurn
779 792 1058 841 adsumpseris,
1094 792 1351 843 consequitur
1386 793 1428 833 id
1462 795 1572 845 quod

234 853 434 892 adnexum
461 861 519 893 est
548 854 720 905 primum
752 856 1019 895 conclusionis
1046 858 1213 896 modum
1227 872 1238 906 3
1271 872 1364 898 cum
1390 858 1432 898 id
1461 860 1572 910 quod
1593 869 1634 893 10

234 920 434 958 adnexum
473 927 532 959 est
570 921 734 971 negaris,
766 928 809 960 ut
843 921 883 960 id
922 935 1083 973 quoque
1121 922 1185 961 cui
1218 923 1334 962 fuerit
1370 925 1571 964 adnexum

235 986 463 1034 negandum
490 985 553 1035 sit,
578 987 778 1025 secundus
803 986 836 1025 is
861 989 1082 1038 appellatur
1107 988 1375 1028 concludendi
1403 991 1574 1039 modus3

234 1062 326 1088 cum
355 1057 489 1089 autem
518 1050 651 1102 aliqua
683 1051 897 1092 coniuncta
930 1053 1082 1104 negaris
1116 1061 1155 1093 et
1189 1068 1236 1094 ex
1264 1054 1320 1094 eis
1349 1069 1474 1094 unum
1503 1063 1572 1095 aut

233 1116 346 1166 plura
389 1116 614 1167 sumpseris,
654 1124 698 1156 ut
742 1119 852 1169 quod
900 1119 1134 1170 relinquitur
1177 1122 1400 1160 tollendum
1438 1120 1498 1172 sit,
1537 1120 1570 1162 is

174 1185 214 1217 55
233 1180 369 1220 tertius
385 1183 605 1232 appellatur
619 1183 887 1223 conclusionis
907 1186 1062 1225 modus.
1113 1187 1173 1224 Ex
1191 1187 1270 1226 hoc
1284 1186 1350 1226 illa
1368 1188 1571 1227 rhetorum
1593 1199 1631 1235 15

233 1259 281 1285 ex
300 1247 504 1286 contrariis
530 1250 730 1298 conclusa,
752 1263 854 1300 quae
881 1250 955 1301 ipsi
978 1251 1216 1302 ἐνθυμήματα
1234 1254 1436 1304 appellant
1449 1268 1460 1302 3
1487 1267 1570 1293 non

232 1313 343 1362 quod
363 1313 493 1351 omnis
513 1313 709 1353 sententia
727 1315 886 1366 proprio
906 1316 1069 1356 nomine
1089 1318 1385 1369 ἐνθύμημα,ηοη
1404 1318 1568 1368 dicatur,

233 1378 315 1425 sed,
338 1385 381 1416 ut
409 1380 612 1418 Homerus
638 1388 800 1430 propter
825 1382 1098 1421 excellentiam
1122 1397 1337 1423 commune
1362 1392 1568 1435 poetarum

233 1455 382 1482 nomen
403 1443 521 1483 efficit
546 1446 654 1496 apud
676 1446 850 1485 Graecos
871 1460 997 1496 suum,
1021 1448 1090 1497 sic,
1110 1462 1201 1488 cum
1223 1449 1353 1488 omnis
1373 1450 1570 1490 sententia

233 1509 426 1560 ἐνθύμημα
458 1509 623 1558 dicatur,
653 1511 747 1561 quia
775 1511 930 1551 videtur
963 1527 1009 1552 ea
1037 1527 1139 1564 quae
1168 1529 1215 1553 ex
1244 1514 1448 1555 contrariis
1477 1529 1568 1555 con·
1589 1524 1631 1550 ²0

232 1573 361 1612 ficitur
388 1574 626 1624 acutissima,
655 1578 739 1616 sola
767 1578 923 1629 proprie
953 1593 1101 1618 nomen
1133 1593 1348 1620 commune
1376 1581 1565 1632 possedit.

234 1638 330 1678 Eius
350 1639 503 1690 generis
524 1641 622 1680 haec
643 1650 758 1681 sunt:

286 1706 364 1744 hoc
384 1712 571 1753 metuere,
593 1708 761 1746 alterum
782 1707 822 1746 in
844 1716 952 1748 metu
973 1723 1055 1749 non
1075 1714 1247 1761 ponere!

286 1784 374 1810 eam
404 1784 523 1821 quam
558 1771 655 1810 nihil
684 1786 848 1813 accusas
879 1775 1058 1824 damnas,
1089 1776 1193 1815 bene
1226 1790 1347 1828 quam
1386 1777 1566 1818 meritam

394 1850 480 1876 esse
499 1844 681 1877 autumas
1587 1849 1628 1884 ²5

287 1903 389 1941 male
416 1905 595 1942 merere?
623 1903 664 1943 id
684 1906 795 1955 quod
815 1905 891 1944 scis
914 1908 1076 1957 prodest
1095 1906 1194 1945 nihil
1210 1922 1221 1955 ς
1248 1907 1289 1947 id
1309 1909 1419 1959 quod
1439 1909 1568 1950 nescis

396 1968 540 2007 obest?

170 2011 214 2093 ¹}
290 2034 383 2072 Hoc
403 2033 624 2074 disserendi
649 2049 773 2086 genus
799 2036 955 2088 attingit
981 2037 1146 2076 omnino
1165 2045 1312 2078 vestras
1339 2053 1500 2091 quoque
1526 2040 1566 2080 in

231 2099 513 2148 respondendo
539 2100 837 2151 disputationes,
867 2103 938 2142 sed
966 2102 1295 2154 philosophorum
1322 2104 1457 2156 magis,
1484 2105 1567 2157 qui-

233 2163 306 2201 bus
345 2171 404 2202 est
441 2178 531 2203 cum
567 2165 788 2206 oratoribus
826 2166 892 2205 illa
928 2181 976 2206 ex
1012 2169 1324 2219 repugnantibus
1361 2169 1566 2210 sententiis
1585 2178 1627 2211 30

232 2228 457 2268 communis
478 2231 682 2270 conclusio
702 2245 806 2282 quae
824 2246 848 2271 a
867 2231 1084 2272 dialecticis
1104 2233 1239 2273 tertius
1263 2236 1418 2283 modus,
1440 2249 1464 2274 a
1482 2237 1566 2276 rhe-

279 2332 328 2372 16,
345 2343 382 2374 17
408 2343 478 2364 non
495 2334 587 2374 quod
604 2335 716 2366 omnis
733 2335 764 2367 O
781 2347 787 2366 :
811 2346 879 2367 non
899 2336 978 2376 quia
988 2336 1098 2368 omnis
1108 2335 1141 2367 b2
1157 2348 1164 2368 ε
1181 2347 1250 2368 non
1262 2338 1352 2378 quod
1370 2348 1439 2370 non
1454 2339 1566 2370 omnis

232 2374 342 2408 B¹V²:
366 2387 434 2407 non
453 2377 534 2417 quin
558 2378 671 2410 omnis
689 2378 708 2409 b
724 2390 833 2420 marg.
851 2391 858 2411 :
896 2390 963 2411 non
982 2380 1039 2420 qui
1065 2380 1212 2412 nominis
1236 2380 1387 2413 A¹ab¹cL
1526 2393 1563 2425 17

233 2417 255 2461 ΗΙ
276 2419 407 2451 dicatur
422 2420 455 2451 A
474 2432 480 2452 ε
507 2422 639 2453 dicatur
655 2422 837 2459 abcLV'B:
862 2434 929 2454 non
948 2424 1080 2455 dicatur
1090 2424 1181 2456 codd.

1687 241 1696 349 „an-..x
1687 146 1696 238 *xm—..-
1690 136 1696 142 .
1693 116 1696 123 .
1691 97 1696 112 ..
