1630 2730
129 154 184 200 63
206 163 269 201 ιη
548 150 605 188 M.
647 147 819 187 TVLLI
858 146 1170 188 CICERONIS

201 279 293 305 cum
313 264 409 304 vitio
428 263 537 304 vocis
567 270 652 303 tum
682 262 802 302 etiam
829 261 988 313 ineptiis
1018 259 1279 300 claudicabat.
1339 258 1422 298 Hic
1442 250 1553 298 tem-xv

200 330 363 382 poribus
394 329 526 369 floruit
556 328 612 368 eis
650 327 796 379 quibus
833 327 935 366 inter
966 325 1261 378 profectionem·
1285 324 1538 375 reditumque

202 398 246 435 L.
278 397 410 436 Sullae
439 395 524 434 sine
552 394 636 433 iure
664 393 738 432 fuit
766 400 805 432 et
835 392 919 431 sine
948 393 1029 431 ulla
1056 391 1248 442 dignitate
1273 403 1334 429 res
1353 388 1514 440 publica
1527 403 1539 438 3

201 463 279 501 hoc
299 461 419 501 etiam
440 459 564 511 magis
583 459 837 510 probabatur,
861 458 971 508 quod
991 464 1075 496 erat
1102 457 1154 496 ab
1181 455 1402 496 oratoribus
1421 467 1539 506 quae-

201 528 295 566 dam
315 527 357 566 in
380 528 466 566 foro
490 525 675 565 solitudo.
735 523 933 574 Sulpicius
959 522 1170 569 occiderat,
1194 523 1315 562 Cotta
1339 521 1475 560 aberat
1498 527 1538 560 et
1556 526 1574 560 5

203 593 336 642 Curio,
359 593 517 632 vivebat
537 605 559 631 e
578 582 739 642 reliquis
765 589 942 641 patronis
966 588 1050 628 eius
1076 587 1215 628 aetatis
1239 601 1360 627 nemo
1385 593 1538 638 praeter

205 660 433 700 Carbonem
453 666 493 698 et
513 656 796 708 Pomponium,
818 668 988 706 quorum
1008 662 1222 719 utrumque
1242 653 1356 692 facile
1382 666 1630 705 supera-1

129 707 186 754 64
204 726 282 765 bat.
353 722 555 763 Inferioris
587 730 721 762 autem
759 720 898 760 aetatis
936 727 1018 760 erat
1047 719 1251 771 proximus
1278 720 1322 758 L.
1357 718 1535 766 Sisenna,
1627 722 1630 726 ’

202 792 345 831 doctus
365 789 422 829 vir
441 797 480 829 et
509 788 650 828 studiis
679 786 839 838 optimis
869 785 1042 834 deditus,
1062 786 1165 826 bene
1186 784 1328 824 Latine
1355 785 1534 835 loquens,

201 869 344 907 gnarus
377 855 434 895 rei
466 853 662 906 publicae,
698 866 781 892 non
814 852 900 891 sine
930 850 1081 890 facetiis
1119 851 1191 890 sed
1228 863 1360 901 neque
1392 849 1538 889 laboris
1560 863 1599 886 ιο

202 921 316 960 multi
335 934 410 960 nec
431 919 524 958 satis
544 926 720 958 versatus
740 917 781 956 in
801 916 929 956 causis
943 931 954 965 3
982 915 1291 966 interiectusque
1318 914 1420 954 inter
1438 915 1538 954 duas
1626 903 1630 911 ¹

201 994 350 1026 aetates
372 984 566 1025 Hortensi
592 991 631 1023 et
660 982 811 1034 Sulpici
839 996 914 1021 nec
943 981 1135 1021 maiorem
1164 980 1357 1032 consequi
1384 987 1539 1032 poterat

202 1060 241 1091 et
270 1051 415 1091 minori
445 1063 608 1090 necesse
639 1057 722 1089 erat
754 1050 907 1088 cedere.
968 1047 1102 1087 Huius
1136 1046 1267 1087 omnis
1296 1048 1462 1086 facultas
1491 1059 1539 1086 ex

202 1117 365 1157 historia
385 1116 507 1168 ipsius
527 1114 697 1167 perspici
717 1121 861 1166 potest,
881 1127 984 1164 quae
1004 1127 1096 1152 cum
1122 1112 1236 1152 facile
1256 1111 1387 1152 omnis
1407 1111 1539 1151 vincat

202 1183 437 1235 superiores,
467 1190 553 1221 tum
591 1181 741 1221 indicat
778 1188 914 1219 tamen
946 1187 1142 1231 quantum
1178 1178 1283 1218 absit
1319 1192 1343 1218 a
1380 1191 1539 1218 summo
1559 1195 1598 1230 15

202 1263 404 1301 quamque
434 1261 558 1300 genus
592 1249 670 1287 hoc
701 1246 924 1298 scriptionis
962 1246 1144 1285 nondum
1178 1244 1227 1284 sit
1260 1244 1353 1284 satis
1387 1243 1539 1285 Latinis

202 1314 340 1354 litteris
379 1314 640 1353 inlustratum.
713 1314 820 1351 Nam
851 1313 900 1361 Q.
934 1310 1128 1351 Hortensi
1157 1311 1380 1350 admodum
1407 1310 1541 1350 adule-

204 1380 350 1420 scentis
370 1379 574 1430 ingenium
594 1386 638 1418 ut
659 1378 825 1417 Phidiae
846 1377 1003 1428 signum
1024 1376 1141 1416 simul
1160 1383 1367 1428 aspectum
1390 1383 1429 1415 et
1454 1389 1541 1427 pro-

121 1460 184 1495 229
203 1447 342 1486 batum
371 1453 440 1485 est.
500 1446 541 1484 Is
571 1446 615 1483 L.
639 1444 783 1484 Crasso
810 1444 860 1492 Q.
883 1443 1073 1483 Scaevola
1106 1441 1337 1481 consulibus
1365 1440 1538 1493 primum

202 1511 244 1551 in
273 1513 359 1551 foro
388 1510 486 1550 dixit
516 1517 556 1549 et
585 1510 693 1561 apud
722 1510 795 1548 hos
829 1508 937 1559 ipsos
966 1507 1130 1559 quidem
1159 1508 1355 1555 consuleS,
1377 1514 1416 1547 et
1444 1519 1537 1546 cum
1558 1515 1623 1543 20*

202 1591 340 1617 eorum
372 1576 441 1628 qui
473 1577 694 1623 adfuerunt,
726 1582 812 1613 tum
842 1574 1018 1625 ipsorum
1058 1574 1268 1612 consulum
1306 1572 1375 1624 qui
1408 1571 1538 1612 omnis

204 1642 477 1693 intellegentia
504 1640 721 1688 anteibant,
753 1639 902 1679 iudicio
932 1638 1115 1679 discessit
1147 1639 1347 1690 probatus.
1406 1639 1541 1677 Vnde-

201 1707 340 1759 viginti
368 1721 495 1746 annos
524 1714 641 1745 natus
670 1713 752 1745 erat
778 1719 827 1745 eo
853 1713 1043 1756 tempore,
1073 1712 1132 1744 est
1159 1712 1294 1744 autem
1324 1705 1368 1743 L.
1399 1705 1540 1743 Paullo

204 1775 249 1814 C.
274 1774 468 1813 Marcello
487 1771 721 1812 consulibus
751 1779 953 1810 mortuus:
984 1785 1031 1810 ex
1057 1784 1138 1821 quo
1166 1769 1348 1809 videmus
1377 1783 1469 1809 eum
1498 1768 1540 1808 in

202 1846 459 1889 patronorum
482 1851 650 1877 numero
679 1850 806 1876 annos
836 1844 1023 1887 quattuor
1051 1843 1091 1876 et
1118 1834 1379 1887 quadraginta
1406 1834 1536 1874 fuisse.
1560 1827 1630 1904 ²5}

204 1905 299 1943 Hoc
319 1905 370 1942 de
391 1911 544 1942 oratore
564 1903 684 1953 paulo
709 1909 798 1953 post
822 1903 934 1953 plura
961 1900 1167 1949 dicemus,·
1195 1901 1273 1940 hoc
1295 1907 1430 1939 autem
1449 1901 1540 1940 loco

203 1968 403 2008 voluimus
436 1975 609 2007 aetatem
642 1968 721 2006 eius
750 1967 790 2006 in
823 1966 1022 2018 disparem
1056 1973 1254 2005 oratorum
1286 1972 1456 2005 aetatem
1485 1965 1541 2004 in-

204 2034 374 2073 cludere.
462 2034 719 2083 Quamquam
764 2032 806 2071 id
848 2031 1013 2083 quidem
1054 2031 1242 2071 omnibus
1289 2044 1364 2070 usu
1407 2030 1540 2070 venire

203 2111 367 2138 necesse
406 2097 490 2146 fuit,
532 2097 678 2148 quibus
720 2099 841 2149 paulo
883 2097 1037 2148 longior
1080 2096 1160 2136 vita
1201 2095 1376 2147 contigit,
1416 2103 1460 2135 ut
1501 2103 1541 2136 et

204 2177 295 2203 cum
336 2165 462 2203 multo
506 2163 722 2203 maioribus
760 2171 859 2202 natu
901 2176 1021 2213 quam
1064 2169 1196 2202 essent
1239 2161 1314 2213 ipsi
1361 2168 1400 2201 et
1447 2174 1539 2200 curn
1560 2150 1630 2208 3οΪ

203 2228 410 2279 aliquanto
451 2228 672 2269 minoribus
716 2235 1048 2280 compararentur.
1126 2229 1181 2267 Vt
1223 2226 1371 2266 Accius
1410 2225 1541 2266 isdem

1620 1813 1630 1838 ι-
1623 1776 1630 1803 ..a
1627 1750 1630 1768 Α.
1622 1668 1630 1743 ,3.μῶ-

249 2342 269 2363 2
294 2333 344 2364 eis
361 2333 449 2376 vulg.
468 2345 476 2365 ε
501 2333 555 2365 his
573 2334 601 2364 L
734 2344 755 2374 3
779 2333 846 2364 ulla
865 2334 935 2365 secl.
947 2332 1044 2371 Jahn
1180 2341 1219 2362 12
1243 2333 1407 2364 maiorem
1425 2332 1513 2372 vulg.
1531 2343 1540 2363 ε

205 2377 341 2407 maioris
360 2377 387 2407 L
520 2379 564 2408 26
587 2377 652 2408 hoc
669 2401 676 2408 .
696 2401 704 2408 .
724 2401 731 2409 .
749 2377 924 2408 includere
939 2377 1007 2408 secl.
1026 2376 1197 2407 Eberhard
1326 2386 1368 2416 27
1392 2380 1539 2407 aetatem

205 2421 273 2451 secl.
289 2419 413 2451 Schiitz
501 2421 574 2452 eius
590 2420 664 2453 add.
683 2420 874 2462 Stephanus
960 2425 1108 2452 aetatem
1123 2430 1190 2452 om.
1212 2419 1243 2451 Ο

1620 2364 1630 2418 ’ἑ
