1630 2730
131 185 189 226 50
210 181 274 227 189
548 177 607 215 M.
637 175 808 215 TVLLI
839 174 1149 216 CICERONIS

206 290 396 330 excellere
422 287 619 328 iudicatus
649 295 708 328 est
727 287 834 339 vulgi
859 286 1008 327 iudicio
1038 285 1106 338 qui
1132 299 1215 326 non
1241 285 1350 326 idem
1373 298 1396 325 a
1415 283 1544 325 doctis

205 356 469 407 probaretur?
526 355 702 404 Quando
735 360 869 393 autem
903 352 1072 392 dubium
1105 352 1243 391 fuisset
1276 351 1384 403 apud
1414 358 1544 402 patres

205 428 362 461 nostros
382 419 554 471 eligendi
569 419 632 459 cui
652 418 808 470 patroni
824 420 982 458 daretur
1001 417 1111 470 optio
1127 417 1223 469 quin
1238 424 1306 456 aut
1321 416 1544 456 Antonium

205 494 359 537 optaret
377 493 446 525 aut
462 487 681 526 Crassum?
737 483 916 524 Aderant
935 483 1050 523 multi
1068 483 1134 522 alii
1147 497 1159 532 3
1187 490 1320 522 tamen
1340 490 1473 522 utrum
1493 483 1544 522 de

203 552 265 591 his
298 552 430 604 potius
464 551 685 591 dubitasset
715 550 868 601 aliquis,
900 549 997 601 quin
1028 551 1194 588 alterum
1228 561 1359 588 nemo.
1419 547 1540 598 Quid,
1563 563 1581 595 5

203 617 527 657 adulescentibus
555 616 672 656 nobis
701 630 792 655 cum
822 623 925 655 esset
955 616 1075 655 Cotta
1103 622 1142 654 et
1172 613 1424 661 Hortensius,
1446 626 1543 652 num

205 683 307 734 quis,
336 683 400 722 cui
438 682 602 733 quidem
635 681 807 732 eligendi
844 688 1020 732 potestas
1058 687 1172 728 esset,
1201 692 1445 730 quemquam
1483 678 1544 718 his

127 729 190 813 1⁵2
204 748 474 799 anteponebat
489 749 506 786 ?
561 749 668 786 Tum
686 749 829 786 Brutus
847 763 853 786 :
885 745 995 797 Quid
1015 753 1069 794 tu,
1086 744 1226 795 inquit,
1242 744 1397 795 quaeris
1417 744 1545 784 alios?

205 815 256 853 de
285 821 324 852 te
352 813 440 865 ipso
469 826 604 852 nonne
633 812 730 863 quid
762 819 944 863 optarent
972 810 1038 858 rei,
1061 810 1159 862 quid
1187 810 1272 861 ipse
1302 809 1544 849 Hortensius

204 878 396 918 iudicaret
418 879 687 918 videbamus?
719 878 788 929 qui
817 892 909 918 curn
938 877 1145 929 partiretur
1173 884 1307 916 tecum
1337 890 1545 925 causas,—
1567 894 1605 917 10

204 957 322 995 saepe
342 944 449 983 enim
469 943 895 995 interfui—perorandi
918 944 1064 991 locum,
1086 941 1156 981 ubi
1181 941 1396 992 plurimum
1421 944 1544 994 pollet

204 1009 340 1059 oratio,
367 1023 523 1060 semper
553 1009 624 1048 tibi
654 1008 914 1059 relinquebat.
974 1007 1164 1046 Faciebat
1191 1006 1257 1046 ille
1285 1007 1460 1058 quidem,
1488 1008 1546 1047 in-

204 1087 336 1125 quam,
359 1081 398 1114 et
418 1074 516 1113 mihi
539 1074 829 1122 benevolentia,
852 1074 984 1122 credo,
1007 1074 1151 1112 ductus
1177 1073 1376 1112 tribuebat
1395 1073 1540 1113 omnia.

204 1141 283 1179 Sed
304 1153 378 1191 ego
402 1153 505 1191 quae
531 1141 583 1179 de
612 1153 677 1179 me
706 1139 844 1191 populi
873 1139 923 1178 sit
951 1138 1089 1190 opinio
1115 1137 1250 1178 nescio
1264 1152 1276 1187 3
1304 1139 1355 1178 de
1383 1139 1542 1190 reliquis

204 1206 283 1244 hoc
320 1206 501 1253 adfirmo,
538 1204 606 1256 qui
639 1204 746 1255 vulgi
775 1204 966 1256 opinione
1004 1203 1251 1243 disertissimi
1287 1203 1414 1243 habiti
1451 1204 1540 1252 sint,
1569 1216 1602 1249 ¹5

202 1272 366 1311 eosdem
387 1270 700 1322 intellegentium
721 1284 883 1322 quoque
908 1270 1057 1310 iudicio
1080 1269 1200 1309 fuisse
1228 1269 1539 1321 probatissimos.

125 1354 183 1389 191
204 1337 291 1376 Nec
320 1336 426 1375 enim
455 1344 591 1388 posset
619 1336 726 1376 idem
759 1338 1054 1375 Demosthenes
1086 1335 1218 1375 dicere
1252 1337 1362 1387 quod
1397 1335 1542 1376 dixisse

203 1402 490 1441 Antimachum
521 1403 671 1441 clarum
700 1409 860 1453 poetam
890 1403 1043 1441 ferunt:
1084 1401 1153 1452 qui
1187 1415 1278 1440 cum
1313 1401 1541 1441 convocatis

202 1467 451 1507 auditoribus
471 1469 617 1519 legeret
636 1467 692 1507 eis
712 1481 902 1519 magnum
922 1467 1020 1506 illud
1042 1468 1151 1518 quod
1172 1466 1336 1506 novistis
1351 1468 1541 1507 volumen

203 1546 320 1588 suum
353 1540 392 1572 et
418 1547 510 1572 eum
541 1535 738 1584 legentem
768 1547 908 1573 omnes
945 1540 1099 1584 praeter
1128 1534 1337 1572 Platonem
1367 1532 1542 1584 reliquis·
1562 1549 1604 1572 20

202 1606 301 1647 sent,
324 1600 485 1650 Legam,
516 1599 655 1650 inquit,
687 1599 812 1638 nihilo
842 1598 997 1638 minus:
1042 1600 1155 1637 Plato
1182 1597 1289 1638 enim
1315 1597 1414 1637 mihi
1438 1611 1541 1638 unus

202 1663 324 1703 instar
350 1671 410 1704 est
439 1672 600 1704 centum
630 1664 795 1704 milium.
855 1666 907 1704 Et
935 1671 1068 1713 recte3
1100 1678 1247 1715 poema
1275 1663 1381 1703 enim
1407 1677 1543 1704 recon-

202 1729 331 1769 ditum
351 1743 569 1781 paucorum
590 1730 934 1781 adprobationem,
956 1729 1082 1769 oratio
1101 1729 1303 1781 popularis
1325 1730 1541 1769 adsensum

202 1795 308 1846 vulgi
334 1796 455 1835 debet
481 1809 650 1835 movere.
709 1798 764 1835 At
789 1796 822 1835 si
848 1797 1022 1835 eundem
1049 1796 1156 1834 hunc
1183 1796 1392 1834 Platonem
1415 1809 1540 1835 unum

201 1860 424 1899 auditorem
445 1861 608 1900 haberet
625 1862 931 1909 Demosthenes,
947 1875 1039 1900 cum
1055 1868 1158 1900 esset
1177 1860 1334 1900 relictus
1349 1874 1372 1899 a
1387 1860 1537 1909 ceteris,
1562 1878 1577 1900 2
1583 1880 1600 1911 5

122 1943 180 1977 192
202 1926 367 1965 verbum
387 1927 516 1965 facere
536 1940 618 1966 non
645 1934 789 1977 posset.
850 1926 960 1977 Quid
983 1934 1037 1975 tu,
1061 1928 1192 1974 Brute,
1214 1939 1362 1977 posses,
1385 1925 1419 1965 si
1437 1933 1477 1966 te
1496 1934 1540 1966 ut

203 1990 420 2031 Curionem
454 1992 659 2042 quondam
690 1991 825 2031 contio
854 1991 1104 2043 reliquisset?
1161 1993 1247 2042 Ego
1275 2005 1379 2039 vero,
1410 1991 1540 2043 inquit

202 2056 278 2104 ille,
301 2064 344 2094 ut
364 2070 428 2095 me
448 2056 521 2095 tibi
540 2056 726 2105 indicem,
749 2057 789 2095 in
810 2050 1005 2097 eis'etiam
1025 2056 1164 2104 causis,
1182 2056 1223 2095 in
1244 2056 1389 2107 quibus
1409 2057 1539 2096 omnis

200 2135 262 2161 res
291 2122 408 2161 nobis
437 2136 528 2161 cum
559 2122 757 2162 iudicibus
786 2131 855 2172 est,
878 2137 961 2162 non
989 2136 1082 2162 cum
1110 2123 1271 2173 populo,
1293 2129 1427 2162 tamen
1456 2122 1489 2162 si
1516 2136 1540 2162 a

201 2200 350 2226 corona
368 2187 526 2227 relictus
546 2187 630 2236 sim,
654 2202 736 2228 non
757 2202 901 2239 queam
922 2188 1063 2228 dicere.
1123 2190 1186 2227 Ita
1205 2201 1258 2237 se,
1279 2187 1454 2238 inquam,
1477 2201 1537 2228 res
1558 2205 1599 2237 30

201 2252 333 2291 habet.
391 2254 456 2302 Vt,
472 2253 504 2292 si
524 2253 645 2293 tibiae
665 2254 824 2293 inflatae
844 2268 926 2293 non
946 2256 1114 2293 referant
1134 2266 1289 2303 sonum,
1306 2252 1537 2293 abiciendas

246 2365 266 2385 2
290 2356 411 2387 suisset
437 2355 490 2388 L:
524 2357 586 2388 fuit
611 2358 784 2390 Eberhard
1026 2369 1046 2398 4
1069 2357 1116 2390 At
1142 2362 1240 2389 erant
1266 2358 1388 2389 maluit
1406 2357 1541 2390 Ernesti

175 2408 178 2411 ·
203 2409 221 2438 7
247 2400 301 2429 cui
317 2400 406 2440 vulg.
423 2411 431 2430 ε
455 2411 523 2440 quo
540 2402 569 2432 L
703 2413 744 2433 22
768 2407 905 2434 centum
922 2402 1050 2433 milium
1068 2402 1302 2433 Camerarius:
1324 2402 1475 2433 omnium
1491 2412 1534 2434 m.

201 2442 294 2473 illum
310 2442 340 2472 L
431 2454 471 2483 24
497 2455 633 2477 movere
649 2445 681 2476 Β
699 2445 774 2478 M‘2:
797 2447 925 2477 moveri
942 2445 970 2476 L
1060 2448 1103 2477 26
1126 2456 1305 2487 possesne,
1323 2446 1353 2477 si
1369 2450 1405 2477 tu
1422 2445 1510 2488 vulg.
1530 2457 1537 2477 :

201 2496 322 2527 posses
340 2487 402 2518 nisi
419 2493 455 2519 tu
479 2487 508 2518 L
