1696 2730
153 133 208 181 36
226 129 293 182 '127
513 128 516 130 ’
604 132 663 171 Μ.
693 128 864 172 TVLLI
894 131 1204 172 CICERONIS

147 256 207 291 127
225 244 501 286 definitionem
520 244 839 296 sententiamque
859 245 1077 285 confirmet.
1127 245 1261 295 Atque
1279 243 1499 284 accusatori
1518 243 1568 284 sit

225 311 267 350 in
293 312 371 350 hoc
396 323 540 361 genere
566 323 772 350 causarum
799 312 911 350 locus
939 310 1005 350 ille
1031 310 1270 359 eommunis,
1290 309 1455 349 minime
1481 323 1568 350 esse

225 377 543 424 concedendum,
565 383 608 415 ut
637 375 669 414 is
695 375 764 426 qui
790 376 841 415 de
867 389 908 415 re
937 376 1172 415 confiteatur
1191 374 1300 415 verbi
1320 389 1362 414 se
1381 375 1567 427 interpre-

225 442 375 482 tatione
412 442 628 491 defendat;
668 442 854 481 defensor
890 435 1024 481 autem
1063 449 1102 480 et
1135 455 1182 480 ea
1220 454 1340 492 quam
1378 440 1567 492 proposui

225 507 424 559 aequitate
447 507 594 546 nitatur
613 514 652 546 et
672 520 719 546 ea
745 520 836 546 cum
861 519 998 546 secum
1023 506 1152 554 faciat,
1174 520 1256 546 non
1276 520 1318 546 re
1342 507 1413 546 sed
1431 507 1568 557 depra—
1586 520 1605 554 5

226 574 384 613 vatione
408 572 517 612 verbi
545 586 630 611 sese
654 571 782 623 urgeri
803 579 997 623 queratur.
1058 573 1152 621 Quo
1178 571 1220 610 in
1245 585 1389 622 genere
1407 585 1568 623 percen-

226 653 311 679 sere
340 639 484 690 poterit
513 640 724 690 plerosque
752 636 983 677 inveniendi
1011 638 1122 676 locos
1137 651 1148 686 ,·
1180 650 1273 675 nam
1304 644 1343 676 et
1372 636 1567 676 similibus

226 709 358 744 ute‘tur
384 713 423 744 et
452 703 656 744 contrariis
685 710 724 742 et
751 702 1090 753 consequentibus
1114 715 1358 753 quamquam
1387 709 1564 753 uterque,

225 778 360 810 tamen
398 784 501 819 reus,
538 769 614 809 nisi
649 770 767 820 plane
811 768 884 808 erit
925 769 1097 808 absurda
1139 781 1269 816 causa,
1308 768 1563 819 frequentius.

146 846 207 877 128
226 835 510 887 Amplificandi
543 842 677 874 autem
715 847 835 873 causa
866 847 968 884 quae
1005 840 1073 872 aut
1106 847 1199 873 cum
1232 833 1512 884 degredientur
1542 847 1567 874 a
1587 840 1627 871 10

225 914 345 941 causa
363 900 495 940 dicere
514 901 649 939 volent
668 906 736 938 aut
755 912 847 938 cum
863 899 1115 950 perorabunt,
1131 912 1178 937 ea
1197 899 1259 938 vel
1278 900 1330 938 ad
1349 898 1488 938 odium
1503 900 1566 939 vel

225 967 277 1006 ad
305 964 616 1005 misericordiam
642 965 704 1003 vel
730 965 782 1003 ad
811 963 921 1003 omni
951 965 1074 1003 modo
1100 963 1255 1003 animos
1283 964 1461 1004 iudicum
1485 977 1567 1004 mo-

225 1033 378 1071 vendos
399 1045 446 1071 ex
461 1031 517 1070 eis
533 1043 635 1082 quae
655 1038 747 1069 sunt
762 1037 854 1068 ante
869 1029 999 1080 posita
1019 1037 1235 1078 sumentur,
1250 1030 1282 1069 si
1297 1031 1420 1070 modo
1435 1043 1565 1070 rerum

227 1097 461 1149 magnitudo
480 1096 740 1136 hominumve
758 1103 826 1134 aut
845 1094 995 1134 invidia
1013 1102 1081 1134 aut
1101 1095 1270 1146 dignitas
1289 1095 1519 1146 postulabit.

159 1163 211 1204 3⁷
284 1165 328 1204 C.
359 1163 508 1202 Habeo
536 1162 634 1211 ista3
671 1175 779 1201 nunc
808 1174 854 1200 ea
883 1174 996 1212 quae,
1027 1174 1120 1200 cum
1140 1162 1256 1211 quale
1285 1160 1334 1200 sit
1359 1161 1564 1213 quippiam
1588 1174 1624 1208 ¹5
1680 1182 1683 1203 1

145 1225 209 1259 ¹²9
226 1229 479 1280 disceptatur,
511 1227 647 1279 quaeri
680 1241 728 1267 ex
760 1235 926 1278 utraque
957 1233 1067 1278 parte
1098 1228 1238 1266 deceat
1266 1226 1383 1266 velim
1414 1226 1562 1267 audire.

225 1297 267 1334 P.
295 1295 548 1335 Confitentur
580 1293 620 1332 in
651 1293 727 1332 isto
760 1305 903 1343 genere
933 1291 1002 1343 qui
1029 1299 1258 1342 arguuntur,
1284 1305 1326 1331 se
1355 1292 1396 1331 id
1425 1292 1565 1333 fecisse

224 1360 355 1412 ipsum
388 1360 429 1398 in
460 1373 541 1410 quo
574 1359 942 1410 reprehenduntur3
988 1359 1059 1397 scd
1089 1357 1279 1408 quoniam
1313 1357 1396 1397 iure
1434 1371 1476 1397 se
1513 1359 1566 1398 fe-

225 1426 324 1465 cisse
345 1425 494 1474 dicunt,
516 1424 609 1464 iuris
635 1431 694 1463 est
717 1423 847 1463 omnis
873 1423 972 1462 ratio
997 1423 1114 1462 nobis
1137 1423 1380 1474 explicanda.
1440 1425 1564 1474 Quod
1680 1463 1682 1467 ,

225 1499 264 1531 et
293 1491 481 1531 dividitur
511 1490 551 1529 in
585 1491 684 1530 duas
715 1489 861 1540 primas
894 1488 1024 1540 partis,
1055 1496 1236 1527 naturam
1267 1496 1387 1539 atque
1419 1490 1562 1540 legem,
1583 1500 1625 1523 20
1678 1503 1680 1506 ·

225 1565 264 1597 et
283 1557 488 1607 utriusque
507 1555 660 1606 generis
680 1555 737 1594 vis
762 1555 802 1594 in
823 1554 1002 1594 divinum
1023 1561 1062 1594 et
1081 1555 1302 1593 humanum
1325 1554 1386 1593 ius
1409 1562 1469 1594 est
1488 1555 1565 1594 dis-

223 1623 394 1672 tributa3
432 1635 602 1673 quorum
640 1620 850 1672 aequitatis
888 1627 948 1659 est
980 1634 1119 1669 unum,
1147 1621 1314 1659 alterum
1351 1619 1561 1671 religionis.

144 1709 207 1740 130
226 1687 449 1739 Aequitatis
474 1695 607 1727 autem
632 1687 689 1726 vis
718 1694 778 1726 est
804 1688 974 1738 duplex:
1013 1685 1124 1725 cuius
1153 1687 1273 1725 altera
1299 1687 1459 1726 derecta
1482 1685 1564 1726 veri

225 1762 264 1794 et
294 1754 386 1793 iusti
420 1762 472 1803 et,
501 1762 544 1792 ut
575 1753 728 1801 dicitur,
761 1752 879 1804 aequi
917 1760 956 1792 et
994 1751 1091 1791 boni
1129 1751 1281 1791 ratione
1313 1752 1564 1802 defenditur;

224 1821 347 1859 altera
374 1820 426 1858 ad
452 1818 766 1858 vicissitudinem
795 1819 1024 1867 referendae
1052 1817 1198 1868 gratiae
1226 1817 1419 1868 pertinet3
1452 1818 1563 1869 quod
1583 1827 1620 1860 ²5

225 1885 266 1924 in
295 1884 493 1924 beneficio
521 1883 654 1935 gratia,
682 1883 723 1922 in
752 1882 894 1922 iniuria
921 1882 1100 1934 poenitio
1132 1882 1371 1922 nominatur.
1427 1884 1563 1934 Atque

225 1952 324 1990 haec
347 1950 577 1989 communia
603 1956 695 1988 sunt
718 1957 881 1988 naturae
906 1956 1026 1999 atque
1051 1947 1171 1999 legis;
1200 1949 1271 1987 sed
1290 1947 1448 1999 propria
1466 1948 1563 2000 legis

226 2024 265 2056 et
284 2030 331 2055 ea
351 2029 453 2067 quae
477 2015 620 2066 scripta
646 2022 749 2063 sunt,
772 2022 811 2054 et
831 2028 877 2054 ea
897 2028 999 2065 quae
1026 2013 1111 2053 sine
1135 2013 1271 2053 litteris
1297 2021 1365 2052 aut
1383 2013 1562 2065 gentium

224 2082 308 2122 iure
331 2090 399 2120 aut
422 2081 617 2120 maiorum
646 2094 756 2120 more
781 2080 1008 2120 retinentur.
1067 2081 1311 2130 Scriptorum
1336 2087 1470 2119 autem
1489 2079 1564 2131 pri-

226 2155 359 2187 vatum
393 2147 502 2186 aliud
534 2154 604 2194 est,
637 2146 843 2198 publicum
876 2145 1012 2185 aliud:
1054 2145 1260 2197 publicum
1293 2146 1356 2184 lex
1388 2152 1563 2184 senatus·
1580 2151 1622 2184 30

224 2214 451 2252 consultum
493 2213 645 2260 foedus,
682 2211 877 2263 privatum
920 2212 1078 2250 tabulae
1119 2217 1280 2262 pactum
1318 2217 1560 2255 conventum

225 2278 436 2329 stipulatio.
497 2278 612 2327 Quae
637 2284 771 2316 autern
797 2276 942 2328 scripta
964 2290 1046 2316 non
1070 2283 1172 2324 sunt,
1194 2289 1240 2315 ea
1265 2282 1333 2314 aut
1352 2282 1561 2315 consuetu-

271 2393 286 2414 1
313 2382 549 2413 defensionem
567 2381 601 2412 P
769 2392 789 2420 4
813 2386 848 2413 et
865 2391 906 2413 ea
922 2390 1022 2422 quam
1040 2381 1204 2421 proposui
1220 2380 1310 2422 vulg.
1330 2391 1338 2412 ε
1361 2380 1404 2412 ad
1417 2390 1457 2412 ea
1472 2388 1565 2422 quae·

226 2425 403 2467 proposuit
419 2425 580 2457 Friedrich
695 2435 730 2456 1·1
758 2435 799 2456 ea
813 2425 866 2457 P:
892 2425 976 2456 haec
991 2425 1081 2466 vulg.
1095 2435 1102 2455 :
1128 2434 1205 2455 esse
1221 2424 1311 2456 codd,
1329 2423 1403 2457 dett.
1518 2434 1560 2465 23

228 2471 369 2501 derecta
384 2468 436 2500 P:
460 2469 588 2500 directa
608 2468 725 2501 Orelli:
751 2469 870 2500 directi
887 2468 976 2501 codd.
993 2468 1066 2500 dett.
1083 2480 1091 2500 ι
1115 2469 1242 2500 directo
1260 2473 1294 2499 et
1310 2468 1400 2510 vulg.
