1630 2730
105 179 165 218 49
186 167 246 210 {81
520 170 579 208 M.
609 169 780 207 TVLLI
811 167 1121 209 CICERONIS

110 289 172 320 182
194 281 348 336 [eorum
369 295 469 333 quos
489 282 706 333 aliquando
726 281 894 322 dicentis
913 279 1113 334 vidimus}
1173 282 1278 320 Volo
1305 279 1412 320 enirn
1439 278 1527 319 sciri

192 349 233 388 in
254 357 363 389 tanta
382 356 421 389 et
441 355 521 388 tam
536 356 668 388 vetere
691 363 732 388 re
751 348 912 400 publica
930 347 1111 387 maximis
1134 347 1318 399 praemiis
1341 348 1528 397 eloquen-

192 415 269 456 tiae
299 415 510 467 propositis
547 415 678 454 omnis
715 414 872 465 cupisse
905 413 1047 461 dicere,
1079 427 1161 452 non
1191 412 1382 464 plurimos
1410 425 1528 452 ausos

192 495 288 530 esse,
324 481 501 533 potuisse
538 494 697 532 paucos.
772 475 862 531 Ego'
895 487 1029 518 tamen
1067 478 1122 518 ita
1159 480 1210 518 de
1247 492 1330 518 uno
1367 491 1528 529 quoque

192 547 323 587 dicam
362 555 405 586 ut
442 546 617 598 intellegi
654 545 778 597 possit
821 559 941 596 quem
988 544 1210 584 existimem
1257 546 1524 592 clamatorem,
1549 552 1565 585 5

192 627 311 664 quem
344 620 540 652 oratorem
570 611 701 651 fuisse.
762 612 897 651 Isdem
929 612 1009 650 fere
1039 610 1285 661 temporibus
1315 617 1445 649 aetate
1473 609 1530 649 in-

191 678 351 718 feriores
397 680 517 729 paulo
556 692 676 729 quam
716 676 852 725 Iulius,
893 678 965 716 sed
1008 677 1193 727 aequales
1235 676 1528 727 propemodum

190 745 349 784 fuerunt
381 745 426 784 C.
459 745 579 784 Cotta
612 745 654 782 P.
688 742 884 794 Sulpicius
920 744 970 792 Q.
997 741 1140 780 Varius
1175 743 1248 782 Cn.
1282 740 1530 792 Pomponius

192 811 237 850 C.
262 809 384 850 Curio
404 811 449 848 L.
472 810 608 848 Fufius
630 810 687 847 M.
712 811 865 847 Drusus
886 810 928 846 P.
951 806 1172 855 Antistius;
1201 821 1275 846 nec
1299 808 1379 846 ulla
1401 813 1530 847 aetate

112 880 173 919 183
191 876 350 915 uberior
369 882 569 915 oratorum
589 876 691 913 fetus
711 873 794 913 fuit.
855 875 915 912 Ex
940 872 1000 911 his
1022 874 1142 913 Cotta
1161 879 1200 911 et
1220 872 1417 923 Sulpicius
1437 885 1529 912 cum

193 955 283 981 meo
309 941 458 981 iudicio
484 948 570 980 tum
597 939 778 979 omnium
804 938 919 978 facile
944 938 1090 989 primas
1117 939 1302 977 tulerunt.
1362 937 1444 978 Hic
1463 940 1531 978 At-

192 1007 319 1046 ticus:
351 1008 444 1056 Quo
474 1007 597 1045 modo
626 1005 727 1044 istuc
756 1004 869 1053 dicis,
889 1003 1031 1054 inquit,
1051 1017 1143 1043 cum
1173 1010 1242 1043 tuo
1270 1003 1419 1044 iudicio
1445 1011 1530 1043 tum

192 1072 402 1112 omnium?
459 1074 675 1122 Semperne
695 1070 735 1109 in
760 1077 914 1109 oratore
937 1069 1147 1121 probando
1173 1076 1241 1108 aut
1266 1069 1532 1120 improbando

191 1138 296 1189 vulgi
327 1137 519 1178 iudicium
551 1151 642 1176 cum
674 1135 988 1187 intellegentium
1022 1135 1171 1174 iudicio
1201 1134 1411 1186 congruit?
1465 1137 1532 1174 An

191 1203 257 1243 alii
285 1204 503 1254 probantur
529 1217 553 1241 a
580 1201 846 1250 multitudine,
867 1201 933 1240 alii
959 1208 1093 1240 autem
1119 1201 1171 1240 ab
1200 1200 1256 1240 eis
1285 1200 1354 1251 qui
1382 1200 1533 1240 intelle-

191 1272 319 1320 gunt?
376 1271 503 1308 Recte
531 1267 708 1318 requiris,
735 1267 910 1318 inquam,
940 1266 1073 1306 Attice
1088 1281 1098 1315 3
1127 1267 1198 1306 sed
1227 1265 1366 1306 audies
1393 1280 1440 1306 ex
1466 1279 1531 1306 me

111 1337 174 1378 184
192 1336 357 1374 fortasse
372 1335 482 1385 quod
502 1348 584 1373 non
605 1347 745 1372 omnes
765 1333 946 1384 probent.
996 1334 1062 1371 An
1077 1339 1130 1380 tu,
1146 1331 1286 1382 inquit,
1301 1331 1343 1371 id
1362 1332 1529 1379 laboras,

192 1400 224 1439 si
244 1400 338 1439 huic
358 1401 481 1439 modo
502 1401 626 1438 Bruto
646 1399 882 1450 probaturus
903 1400 976 1437 es?
1033 1399 1167 1444 Plane,
1190 1397 1366 1448 inquam,
1384 1396 1528 1445 Attice,

191 1465 503 1517 disputationem
533 1466 637 1504 hanc
666 1466 717 1504 de
746 1471 899 1503 oratore
928 1464 1138 1514 probando
1167 1470 1235 1502 aut
1263 1462 1530 1514 improbando

193 1533 319 1580 multo
357 1531 492 1570 malim
531 1530 603 1570 tibi
641 1537 680 1569 et
719 1531 843 1568 Bruto
880 1530 1047 1580 placere,
1088 1528 1358 1579 eloquentiam
1395 1535 1530 1568 autem

193 1610 323 1636 meam
350 1597 501 1647 populo
527 1595 685 1646 probari
705 1595 833 1634 velim.
908 1594 1070 1634 Etenim
1096 1607 1260 1634 necesse
1289 1601 1358 1642 est,
1381 1593 1451 1644 qui
1477 1593 1531 1633 ita‘

191 1662 308 1710 dicat,
338 1669 381 1701 ut
414 1675 438 1700 a
468 1660 723 1700 multitudine
755 1661 953 1711 probetur,
985 1661 1160 1700 eundem
1198 1658 1327 1699 doctis
1361 1658 1529 1710 probari.

193 1729 297 1767 Nam
319 1727 416 1778 quid
436 1727 477 1765 in
497 1727 672 1766 dicendo
697 1733 849 1765 rectum
873 1725 922 1765 sit
945 1733 1012 1764 aut
1040 1738 1204 1776 pravum
1232 1738 1306 1776 ego
1331 1724 1530 1772 iudicabo,

192 1792 224 1832 si
254 1794 377 1832 modo
405 1792 438 1831 is
467 1806 556 1831 sum
585 1791 653 1843 qui
682 1791 723 1831 id
752 1791 901 1842 possim
930 1798 998 1830 aut
1027 1790 1150 1830 sciam
1179 1790 1376 1838 iudicare;
1406 1789 1532 1841 qualis

193 1873 285 1898 vero
313 1859 361 1898 sit
388 1866 519 1898 orator
544 1872 591 1897 ex
617 1871 667 1897 eo
695 1858 806 1908 quod
826 1856 858 1896 is
887 1856 1061 1897 dicendo
1090 1856 1233 1895 efficiet
1252 1855 1396 1907 poterit
1421 1854 1534 1895 intel-

114 1934 174 1975 185
193 1924 280 1975 legi.
339 1924 434 1962 Tria
471 1930 563 1962 sunt
601 1923 719 1970 enim,
753 1930 796 1961 ut
829 1922 993 1973 quidem
1027 1935 1102 1973 ego
1136 1920 1276 1970 sentio,
1312 1934 1415 1972 quae
1453 1920 1532 1960 sint

193 1989 402 2029 efficienda
430 1988 627 2028 dicendo:
662 1995 705 2027 ut
734 1989 926 2027 doceatur
954 1987 986 2026 is
1015 1988 1123 2039 apud
1153 2000 1273 2038 quem
1302 1986 1467 2034 dicetur,
1489 1992 1532 2025 ut

193 2056 421 2101 delectetur,
455 2062 498 2093 ut
532 2061 737 2093 moveatur
770 2052 1056 2093 vehementius.
1131 2052 1289 2102 Quibus
1322 2051 1532 2091 virtutibus

194 2120 357 2159 oratoris
388 2121 531 2159 horum
563 2119 741 2170 quidque
775 2118 965 2158 efficiatur
997 2125 1065 2157 aut
1096 2117 1241 2169 quibus
1270 2116 1372 2156 vitiis
1402 2124 1533 2156 orator

1554 880 1591 903 10

1556 1206 1590 1238 ¹5

1552 1535 1622 1562 20'

1553 1865 1592 1898 25

193 2193 261 2224 aut
281 2199 362 2224 non
383 2186 622 2236 adsequatur
648 2186 747 2223 haec
773 2191 841 2223 aut
867 2184 986 2223 etiarn
1013 2183 1053 2223 in
1082 2183 1144 2222 his
1170 2183 1324 2222 labatur
1343 2189 1382 2222 et
1401 2183 1528 2230 cadat,
1550 2194 1592 2226 30

242 2299 255 2319 1
281 2289 427 2321 vidimus
455 2288 508 2320 L:
542 2289 730 2320 audivimus
753 2287 919 2319 Ruhnken
1035 2297 1153 2318 eorum
1181 2309 1190 2319 .
1217 2311 1224 2318 .
1254 2310 1262 2318 .
1292 2285 1438 2317 vidimus
1461 2284 1531 2317 secl.

193 2333 324 2373 Kayser
423 2334 502 2364 sciri
526 2333 615 2365 codd.
635 2333 718 2364 det:
743 2332 832 2363 scire
853 2332 882 2363 L
1027 2340 1065 2370 15
1089 2341 1108 2362 a
1126 2331 1220 2362 mult.
1245 2330 1334 2371 vulg.
1424 2329 1468 2360 ab
1481 2329 1532 2361 eis

192 2377 282 2408 codd.
295 2376 354 2408 det.
373 2387 380 2408 ι
398 2377 439 2407 ab
456 2377 510 2408 his
523 2375 552 2406 L
645 2386 682 2416 17
700 2375 843 2413 laboras,
861 2376 890 2407 si
906 2374 986 2406 huic
1001 2373 1198 2406 Manutius:
1224 2373 1394 2405 laborasse
1410 2373 1488 2404 huic
1502 2373 1532 2404 L

197 2431 236 2460 19
260 2421 302 2451 de
320 2445 327 2452 .
347 2445 354 2452 .
373 2444 381 2452 .
402 2421 626 2459 improbando
642 2420 711 2451 secl.
730 2419 856 2451 Schu‘tz
1013 2428 1055 2458 25
1079 2419 1168 2458 quod
1186 2419 1260 2458 quis
1278 2417 1533 2456 maluitJahn:

194 2465 284 2506 quod
301 2464 374 2504 ipse
396 2463 549 2495 Weidner
677 2474 718 2503 27
744 2464 875 2495 dicetur
891 2462 920 2493 L
937 2473 944 2494 ε
969 2461 1101 2494 dicatur
1117 2461 1205 2493 codd.
1222 2461 1281 2493 det.
