1696 2730
695 158 932 199 ORATOR
1107 163 1109 165 ’
1445 171 1476 210 9
1498 178 1537 210 ²9

142 265 302 316 iudicio,
324 267 356 307 si
375 269 504 308 solum
524 268 622 309 illud
642 276 701 309 est
720 269 911 318 Atticum,
933 284 984 310 ne
1005 270 1175 310 Pericles
1195 271 1357 322 quidem
1378 272 1476 311 dixit

142 332 287 381 Attice,
321 333 386 372 cui
418 333 568 384 primae
601 334 687 374 sine
716 335 983 375 controversia
1013 336 1291 375 deferebantur
1304 351 1314 385 3
1345 337 1414 388 qui
1443 337 1475 376 si

144 397 254 436 tenui
296 411 440 448 genere
477 406 661 447 uteretur,
701 413 920 451 numquam
958 401 1011 440 ab
1049 401 1317 452 Aristophane
1357 410 1476 453 poeta

142 462 290 512 fulgere
320 470 457 502 tonare
486 463 723 514 permiscere
764 465 971 505 Graeciam
1015 466 1146 505 dictus
1183 474 1298 506 esset.
1359 467 1476 506 Dicat

105 543 124 576 5
143 526 259 578 igitur
303 527 436 567 Attice
473 529 774 569 venustissimus
821 530 886 570 ille
928 531 1094 582 scriptor
1134 545 1181 570 ac
1218 532 1476 583 politissimus

143 591 424 643 Lysias—quis
452 593 559 632 enim
589 594 630 633 id
659 594 783 646 possit
812 609 954 647 negare
968 599 1049 645 ?—‚
1075 598 1173 636 dum
1202 597 1475 648 intellegamus

142 657 220 696 hoc
250 670 336 696 esse
364 658 543 697 Atticum
571 658 613 697 in
642 660 770 710 Lysia,
792 674 875 699 non
904 663 1014 712 quod
1043 661 1174 700 tenuis
1201 662 1251 701 sit
1275 670 1395 713 atque
1421 662 1477 701 in-

142 729 314 770 ornatus,
336 724 407 762 sed
433 724 542 773 quod
564 722 679 778 [non]
700 724 797 764 nihil
817 726 962 765 habeat
989 725 1164 766 insolens
1183 734 1252 765 aut
1271 727 1450 778 ineptum
1465 742 1476 776 3

143 794 280 826 ornate
298 801 392 842 vero
419 795 458 827 et
484 788 650 839 graviter
672 797 712 829 et
735 790 896 841 copiose
925 791 1057 831 dicere
1085 799 1153 830 aut
1176 792 1400 831 Atticorum
1428 792 1476 831 sit

6 850 15 906 J
86 866 124 889 10
143 859 211 890 aut
248 866 299 891 ne
332 852 382 891 sit
414 853 634 893 Aeschines
672 868 772 894 neve
811 857 1105 896 Demosthenes
1143 857 1310 896 Atticus.
1370 859 1477 896 Eece
1495 871 1537 901 30

17 913 20 914 ⁷
143 923 276 956 autem
313 917 435 968 aliqui
480 931 522 957 se
566 919 840 970 Thucydidios
885 934 971 960 esse
1015 923 1272 972 profitentur:
1328 936 1477 962 novum

143 983 348 1032 quoddam
387 982 658 1034 imperitorum
697 993 736 1024 et
779 985 1002 1025 inauditum
1046 1000 1182 1038 genus.
1259 989 1365 1026 Nam
1409 987 1478 1038 qui

145 1045 303 1096 Lysiam
341 1055 571 1097 sequuntur,
611 1048 857 1088 causidicum
900 1052 1102 1101 quendam
1140 1059 1359 1102 sequuntur
1396 1064 1478 1090 non

144 1110 256 1150 illum
276 1111 438 1161 quidem
454 1114 632 1163 amplum
647 1120 766 1164 atque
781 1116 983 1165 grandem,
998 1116 1183 1155 subtilem
1199 1124 1238 1155 et
1257 1117 1478 1167 elegantem

87 1189 98 1212 1
109 1190 126 1222 5
146 1183 279 1216 tamen
299 1183 339 1215 et
358 1177 427 1227 qui
447 1176 487 1215 in
507 1178 730 1218 forensibus
746 1179 874 1219 causis
894 1181 1019 1231 possit
1038 1183 1236 1232 praeclare
1251 1181 1475 1220 consistere.

145 1241 403 1292 Thucydides
439 1251 573 1282 autem
606 1257 668 1283 res
700 1252 830 1295 gestas
869 1253 908 1285 et
941 1246 1045 1285 bella
1074 1255 1204 1286 narrat
1241 1255 1280 1286 et
1316 1247 1499 1298 proelia„

143 1306 308 1358 graviter
331 1320 426 1347 sane
454 1315 494 1347 et
520 1309 654 1359 probe,
678 1310 748 1348 sed
773 1309 871 1348 nihil
899 1311 951 1350 ab
974 1324 1023 1350 eo
1052 1311 1248 1351 transferri
1274 1319 1404 1363 potest
1426 1313 1478 1351 ad

143 1372 339 1411 sorensem
379 1386 495 1412 usum
533 1381 573 1413 et
610 1374 826 1425 publicum.
898 1377 1015 1426 Ipsae
1053 1376 1142 1416 illae
1180 1377 1387 1416 contiones
1425 1377 1478 1415 ita

145 1438 288 1476 multas
314 1438 464 1477 habent
487 1438 675 1478 obscuras
693 1439 930 1491 abditasque
950 1441 1165 1481 sententias
1185 1441 1248 1481 vix
1267 1449 1311 1480 ut
1330 1442 1479 1482 intelle-

27 1491 33 1501 (
87 1518 127 1542 20
144 1509 308 1552 gantur3
336 1504 446 1552 quod
479 1510 538 1542 est
568 1503 610 1543 in
640 1504 819 1543 oratione
849 1505 954 1544 civili
987 1505 1126 1545 vitium
1155 1508 1217 1545 vel
1248 1506 1474 1546 maximum.

146 1567 261 1616 Quae
280 1574 339 1606 est
358 1574 490 1606 autem
517 1567 556 1606 in
586 1569 816 1609 hominibus
840 1577 949 1609 tanta
974 1571 1216 1622 perversitas,
1239 1579 1282 1610 ut
1308 1572 1477 1611 inventis
1499 1593 1537 1625 31

146 1631 323 1682 frugibus
341 1633 485 1682 glande
504 1636 741 1672 vescantur?
796 1636 861 1673 An
881 1635 1007 1675 victus
1034 1636 1242 1675 hominum
1263 1636 1478 1676 Athenien-

146 1696 248 1735 sium
268 1696 465 1736 beneficio
484 1697 609 1736 excoli
629 1698 768 1749 potuit,
791 1699 916 1738 oratio
936 1713 1018 1739 non
1038 1700 1195 1751 potuit?
1242 1700 1343 1750 Quis
1363 1715 1479 1752 porro

146 1759 336 1812 umquam
352 1762 593 1801 Graecorum
606 1764 806 1802 rhetorum
822 1777 846 1803 a
860 1765 1097 1815 Thucydide
1110 1765 1324 1816 quicquam
1339 1766 1480 1805 duxit?

88 1843 129 1875 ²5
150 1829 226 1866 ‘At
254 1828 435 1866 laudatus
465 1834 524 1866 est
551 1827 603 1866 ab
631 1828 843 1868 omnibus.'
900 1831 1065 1879 Fateor3
1098 1831 1169 1869 sed
1197 1830 1251 1869 ita
1279 1838 1322 1870 ut
1350 1845 1479 1870 rerum

147 1891 361 1943 explicator
379 1893 553 1942 prudens
569 1905 726 1932 severus
745 1893 870 1944 gravis
885 1909 895 1942 3
921 1907 1002 1933 non
1023 1902 1066 1934 ut
1086 1894 1126 1933 in
1141 1894 1296 1934 iudiciis
1311 1902 1481 1934 versaret

146 1970 295 2004 causaS,
317 1958 388 1996 sed
418 1965 461 1996 ut
489 1956 529 1996 in
550 1957 721 1997 historiis
750 1959 852 1998 bella
880 1967 1075 2009 narraret;
1104 1960 1236 2011 itaque
1260 1974 1480 2012 numquam

146 2030 206 2062 est
224 2029 453 2061 numeratus
479 2030 620 2071 orator,
642 2036 716 2063 nec
736 2037 838 2071 vero,
861 2024 893 2063 si
920 2024 1122 2064 historiam
1142 2039 1224 2065 non
1244 2025 1479 2077 scripsisset,
1500 2040 1540 2072 32

147 2097 295 2124 nomen
326 2083 410 2123 eius
443 2092 621 2132 exstaret,
654 2098 745 2124 cum
779 2086 1006 2137 praesertim
1037 2087 1174 2126 fuisset
1197 2088 1413 2127 honoratus
1442 2096 1481 2127 et

89 2166 131 2199 30
148 2149 303 2189 nobilis.
364 2148 498 2188 Huius
527 2157 662 2189 tamen
691 2163 812 2190 nemo
841 2164 971 2202 neque
997 2153 1206 2192 verborum
1236 2166 1368 2202 neque
1397 2166 1482 2191 sen-

149 2214 357 2254 tentiarum
377 2214 606 2266 gravitatem
633 2215 817 2264 imitatur,
841 2217 911 2256 sed
937 2230 1029 2256 cum
1060 2217 1198 2256 mutila
1224 2218 1421 2268 quaedam
1442 2225 1481 2258 et

148 2279 296 2319 hiantia
315 2279 437 2320 locuti
457 2287 558 2328 sunt,
581 2294 684 2332 quae
703 2282 764 2320 vel
785 2280 870 2320 sine
896 2282 1082 2333 magistro
1101 2283 1229 2322 facere
1254 2290 1478 2334 potuerunt,

191 2383 212 2414 8
236 2393 305 2414 non
320 2383 389 2415 secl.
404 2383 496 2424 vulg.
514 2394 522 2413 t
545 2394 592 2414 an
607 2384 765 2415 omnino?
795 2383 939 2425 Stangl:
964 2395 1047 2416 sane
1063 2384 1151 2416 Reid
1309 2395 1347 2426 15
1372 2391 1407 2418 et
1423 2387 1481 2428 qui

149 2426 239 2468 vulg.
254 2436 262 2456 z
290 2437 353 2458 nec
368 2427 425 2467 qui
442 2425 491 2457 L:
516 2437 579 2458 nee
593 2427 651 2467 qui
669 2451 677 2459 .
695 2451 702 2459 .
719 2451 727 2459 .
749 2438 816 2459 non
836 2438 870 2469 p.
886 2428 1001 2459 Baiter
1088 2430 1127 2460 18
1151 2429 1228 2461 illae
1245 2429 1354 2472 vulg.:
1379 2429 1434 2462 ille
1452 2431 1480 2462 L

149 2479 191 2510 32
215 2480 304 2510 quae
320 2470 349 2502 L
364 2481 372 2502 :
393 2470 486 2510 quod
501 2470 688 2513 Heerdegen
