1696 2730
679 123 897 161 BRVTVS
1402 122 1457 161 86
1478 139 1540 172 295

126 235 197 274 viri
220 234 403 286 vitaeque
431 234 746 286 elegantissimae
770 232 982 273 verissimis
1011 232 1205 272 laudibus.
1277 234 1458 272 Remove

127 301 249 339 haec:
289 314 340 339 ne
368 300 442 339 ista
471 299 597 339 dulcis
627 299 752 339 oratio
771 298 826 337 ita
851 298 900 337 sit
925 298 1081 337 abiecta
1100 306 1144 336 ut
1170 311 1258 336 eam
1282 297 1458 348 aspicere

126 378 246 404 nemo
283 365 386 404 velit.
463 366 691 405 Carbonem
728 364 770 403 in
807 363 972 402 summis
1014 362 1234 402 oratoribus
1275 363 1456 401 habitum
1478 364 1541 407 296

127 431 234 479 sci03
263 432 333 470 sed
353 444 444 469 curn
465 430 506 469 in
525 430 665 470 ceteris
685 430 802 469 rebus
823 437 907 468 tum
927 429 967 468 in
994 429 1168 469 dicendo
1188 442 1352 479 semper,
1376 442 1457 479 quo

88 509 106 541 5
127 496 206 535 iam
244 495 341 534 nihil
375 503 434 535 est
466 495 616 543 melius,
649 495 690 534 id
724 494 886 543 laudari,
919 496 1210 546 qualecumque
1238 502 1309 541 est,
1344 496 1454 534 solet.

129 561 232 600 Dico
256 561 362 600 idem
391 562 442 600 de
463 561 664 608 Gracchis,
687 561 760 600 etsi
782 562 834 599 de
860 560 916 600 eis
939 574 986 600 ea
1009 568 1101 599 sunt
1125 574 1149 599 a
1175 568 1213 599 te
1237 560 1352 608 dicta,
1376 560 1459 611 qui-

126 627 201 665 bus
221 639 295 677 ego
313 626 524 665 adsentior.
576 626 729 666 Omitto
749 634 901 665 ceteros
916 641 926 675 3
954 626 1072 666 venio
1091 627 1143 665 ad
1163 640 1231 666 eos
1252 627 1292 664 in
1312 626 1457 677 quibus

126 691 205 730 iam
224 693 438 741 perfectam
459 699 574 742 putas
594 705 680 730 esse
700 691 981 742 eloquentiam,
1004 705 1104 742 quos
1125 705 1199 743 ego
1218 691 1352 731 audivi
1373 692 1457 732 sine

126 756 392 796 controversia
422 771 586 808 magnos
614 764 798 806 oratores,
823 758 1009 797 Crassum
1036 765 1075 796 et
1102 756 1334 796 Antonium.
1395 759 1458 796 De

72 837 111 859 10
127 823 268 861 horum
295 822 479 861 laudibus
503 822 574 861 tibi
601 836 758 873 prorsus
784 822 996 872 adsentior,
1019 824 1090 862 sed
1116 831 1249 862 tamen
1276 836 1358 861 non
1381 822 1457 862 isto

128 888 274 926 modo:
303 895 346 926 ut
367 887 546 938 Polycliti
564 889 845 938 Doryphorum
866 887 941 926 sibi
962 887 1159 939 Lysippus
1178 888 1320 936 aiebat,
1339 888 1394 927 sic
1415 896 1457 927 tu

127 951 351 991 suasionem
382 953 476 1004 legis
506 952 691 992 Serviliae
720 953 792 992 tibi
821 953 1045 1004 magistram
1075 953 1195 993 fuisse
1209 968 1220 1002 3
1250 955 1350 992 haec
1377 967 1458 1004 ger-

127 1030 246 1055 mana
272 1017 398 1056 ironia
425 1026 494 1056 est.
555 1019 636 1058 Cur
665 1018 718 1056 ita
748 1018 915 1057 sentiam
945 1032 1026 1058 non
1053 1018 1195 1066 dicam,
1218 1032 1268 1058 ne
1295 1032 1359 1058 me
1385 1018 1457 1057 tibi

126 1082 324 1121 adsentari
354 1090 478 1133 putes.
538 1083 693 1122 Omitto
721 1083 837 1134 igitur
857 1097 959 1134 quae
985 1085 1035 1123 de
1062 1083 1122 1122 his
1149 1083 1255 1135 ipsis,
1278 1097 1380 1134 quae
1406 1085 1457 1123 de
1477 1094 1539 1129 297

72 1163 84 1185 ι
91 1163 108 1195 5
129 1148 259 1196 Cotta,
281 1161 383 1198 quae
402 1150 454 1187 de
474 1148 659 1198 Sulpicio,
682 1162 784 1199 quae
811 1150 934 1188 modo
954 1150 1004 1188 de
1025 1149 1163 1189 Caelio
1186 1149 1339 1189 dixeris.
1400 1150 1458 1188 Hi

127 1212 234 1252 enim
265 1215 422 1252 fuerunt
452 1221 557 1253 certe
591 1221 763 1253 oratores
777 1229 788 1263 3
830 1214 968 1264 quanti
1004 1222 1138 1254 autem
1172 1223 1211 1254 et
1244 1217 1380 1266 quales
1415 1222 1457 1253 tu

127 1277 280 1317 videris.
340 1280 444 1318 Nam
465 1278 563 1318 illud
590 1278 721 1318 minus
747 1293 843 1318 curo
869 1281 979 1330 quod
1000 1280 1231 1332 congessisti
1257 1280 1456 1331 operarios

127 1343 256 1382 omnis
270 1357 281 1392 ς
309 1351 353 1382 ut
373 1344 469 1382 mihi
488 1343 696 1383 videantur
716 1344 816 1384 mori
834 1344 1006 1384 voluisse
1026 1359 1108 1384 non
1127 1346 1236 1394 nulli,
1252 1353 1294 1384 ut
1314 1359 1337 1384 a
1358 1353 1396 1384 te
1416 1345 1456 1383 in

127 1416 325 1448 oratorum
357 1422 565 1448 numerum
595 1410 838 1449 referrentur.
903 1412 1019 1449 Haec
1049 1424 1142 1449 cum
1173 1410 1238 1450 ille
1271 1410 1524 1464 dixisset:87

70 1492 110 1514 πο
128 1473 256 1525 Longi
284 1474 476 1513 sermonis
505 1474 660 1513 initium
688 1474 888 1526 pepulisti,
914 1475 1089 1526 inquam,
1122 1476 1264 1524 Attice,
1293 1490 1457 1527 remque

127 1539 377 1578 commovisti
397 1553 499 1578 nova
514 1539 782 1591 disputatione
798 1540 972 1592 dignam,
985 1555 1106 1592 quam
1121 1541 1162 1580 in
1176 1542 1284 1581 aliud
1300 1549 1456 1593 tempus

128 1605 364 1644 differamus.
423 1605 622 1644 Volvendi
653 1605 760 1644 enim
791 1613 883 1645 sunt
920 1597 1017 1645 libri
1045 1620 1137 1646 cum
1171 1607 1337 1646 aliorum
1371 1615 1456 1646 tum
1477 1617 1540 1658 298

129 1670 168 1708 in
202 1669 338 1721 primis
372 1670 548 1710 Catonis.
607 1672 818 1722 Intelleges
848 1671 946 1709 nihil
979 1671 1082 1710 illius
1112 1671 1350 1711 liniamentis
1382 1673 1457 1711 nisi

128 1748 265 1774 eorum
286 1735 587 1786 pigmentorum,
610 1749 712 1786 quae
732 1735 892 1775 inventa
911 1738 1092 1775 nondum
1117 1745 1238 1785 erant,
1260 1739 1398 1777 florem
1419 1747 1458 1778 et

71 1817 110 1850 25
130 1802 302 1840 colorem
334 1800 516 1840 defuisse.
586 1802 691 1839 Nam
723 1801 774 1840 de
806 1800 938 1841 Crassi
969 1801 1147 1841 oratione
1178 1802 1234 1841 sic
1263 1802 1456 1853 existimo,

128 1865 258 1916 ipsum
285 1867 448 1905 fortasse
478 1866 617 1905 melius
646 1865 822 1916 potuisse
851 1865 1032 1914 scribere,
1053 1866 1185 1916 alium,
1208 1875 1251 1906 ut
1279 1868 1454 1916 arbitror,

128 1931 339 1970 neminem.
400 1933 504 1970 Nam
530 1931 570 1969 in
592 1932 669 1970 hoc
693 1932 821 1982 εἴρωνα
841 1945 904 1971 me
930 1931 1086 1971 duxeris
1113 1946 1208 1980 esse,
1232 1935 1342 1984 quod
1369 1947 1457 1972 eam

128 1996 346 2036 orationem
378 1996 472 2035 mihi
503 1996 727 2047 magistram
757 1997 876 2036 fuisse
905 1996 1080 2037 dixerim.
1141 1999 1245 2037 Nam
1272 1998 1345 2038 etsi
1374 2006 1457 2038 tute

129 2061 268 2101 melius
309 2061 530 2101 existimare
568 2061 711 2101 videris
756 2063 807 2101 de
848 2075 904 2110 ea,
946 2062 978 2101 si
1027 2076 1146 2114 quam
1189 2077 1296 2103 nunc
1340 2065 1459 2104 habe-

70 2140 111 2171 30
129 2141 230 2176 mus,
253 2128 448 2174 facultate,
479 2135 612 2166 tamen
640 2128 914 2167 adulescentes
947 2127 1044 2179 quid
1070 2128 1111 2167 in
1142 2128 1292 2168 Latinis
1326 2129 1458 2180 potius

171 2242 190 2262 2
213 2232 257 2263 sit
274 2231 326 2263 L:
349 2232 415 2263 erit
430 2231 582 2263 Weidner
667 2237 703 2263 ut
727 2242 802 2263 eam
826 2232 941 2273 vulga:
965 2237 1076 2263 autem
1094 2231 1124 2262 L
1256 2245 1276 2274 4
1301 2245 1367 2274 quo
1391 2236 1457 2266 iam

123 2275 242 2314 Jahn:
283 2276 440 2317 quoniam
468 2276 519 2307 L:
566 2285 634 2315 quo
659 2276 747 2317 vulg.
915 2286 934 2316 5
959 2276 1089 2307 laudari
1116 2276 1231 2318 vulg.:
1263 2277 1402 2309 laudare
1425 2278 1456 2309 L

129 2330 172 2350 20
195 2319 357 2359 pepulisti
373 2320 484 2361 vulga:
511 2319 672 2360 depulisti
687 2318 739 2350 L:
761 2319 912 2351 detulisti
937 2318 1114 2350 Manutius
1243 2323 1287 2352 26
1311 2322 1379 2364 [ut]
1405 2333 1458 2353 ar-

129 2363 236 2395 bitror
249 2362 374 2394 Schatz
497 2373 538 2402 27
563 2362 673 2402 εἴρωνα
690 2374 743 2394 me
759 2363 898 2394 duxeris
914 2363 1080 2404 Baehrens
1095 2374 1102 2394 :
1124 2364 1280 2404 yroniam
1297 2366 1457 2397 eduxeris

130 2405 158 2437 L
173 2418 181 2438 ε
206 2406 347 2438 ironiam
365 2407 503 2439 duxeris
519 2406 607 2439 codd.
625 2407 686 2439 det.
823 2407 866 2439 28
890 2411 960 2439 tute
976 2406 1123 2450 Stangl:
1146 2413 1181 2440 ut
1196 2408 1253 2441 H:
1279 2414 1315 2442 ut
1331 2414 1367 2442 tu
1386 2409 1415 2442 C
