1696 2730
716 157 928 198 TOPICA
1450 166 1487 195 11
1498 172 1546 205 50

153 280 276 332 magis
304 281 356 320 ad
384 279 669 319 coniecturales
697 292 847 327 causas,
878 291 980 330 quae
1008 284 1211 317 versantur
1241 276 1282 315 in
1315 276 1486 325 iudiciis,

153 348 269 396 valet,
294 360 385 385 cum
412 345 610 396 quaeritur
635 344 732 395 quid
758 352 826 383 aut
848 344 898 383 sit
923 351 991 383 aut
1017 343 1190 383 evenerit
1214 350 1283 381 aut
1307 344 1482 382 futurum

153 412 202 451 sit
234 419 302 451 aut
334 411 432 462 quid
465 410 631 451 omnino
659 409 743 449 fieri
776 409 911 461 possit.
970 411 1030 449 Ac
1058 409 1136 448 loci
1165 408 1327 459 quidem
1360 407 1483 459 ipsius
1501 387 1545 471 121

0 483 23 535 3:
153 478 280 517 forma
306 476 393 516 talis
422 483 491 516 est.
550 477 755 515 Admonet
782 483 916 514 autem
950 474 1015 514 hic
1048 475 1169 522 locus,
1201 481 1244 513 ut
1277 481 1486 525 quaeratur

0 528 14 559 ’ς
115 555 134 588 5
154 542 251 593 quid
288 549 380 581 ante
420 555 515 589 rem,
555 540 652 591 quid
690 554 783 580 cum
822 554 873 588 re,
913 540 1010 590 quid
1052 547 1142 590 post
1180 553 1262 578 rem
1300 538 1484 578 evenerit.

154 610 165 628 ·’
179 607 289 646 Nihil
309 608 387 646 hoc
405 608 458 646 ad
484 606 569 655 ius;
597 607 650 645 ad
677 605 937 653 Ciceronem,'
958 605 1164 655 inquiebat
1184 606 1321 644 Gallus
1341 611 1484 651 noster,

153 672 186 711 si
206 672 293 723 quis
311 673 363 711 ad
383 685 474 711 eum
501 671 598 722 quid
625 673 701 710 tale
727 672 941 719 rettulerat,
961 677 1004 709 ut
1024 671 1075 709 de
1098 672 1204 709 facto
1223 677 1484 720 quaereretur.

154 739 217 776 Tu
244 745 377 776 tamen
403 737 550 788 patiere
577 738 729 776 nullum
749 750 773 775 a
792 750 856 775 me
881 734 974 775 artis
1000 734 1202 774 institutae
1221 736 1354 774 locum
1380 748 1488 785 prae-

153 802 257 842 teriri
272 817 283 851 3
315 816 376 850 ne,
408 802 441 841 si
473 802 571 841 nihil
601 802 677 841 nisi
710 802 820 853 quod
848 802 900 840 ad
934 809 973 840 te
1006 800 1199 852 pertineat
1232 800 1487 839 scribendum

96 884 138 908 10
154 867 326 918 putabis,
354 867 522 906 nimium
556 875 594 907 te
627 881 759 906 amare
787 866 956 906 videare.
1016 867 1088 905 Est
1121 865 1238 916 igitur
1270 879 1413 916 magna
1441 878 1489 904 ex

153 940 263 983 parte
283 934 394 972 locus
420 932 485 972 hic
505 932 697 972 oratorius
723 946 806 971 non
832 933 956 971 modo
981 944 1063 970 non
1089 930 1182 970 iuris
1202 932 1488 979 consultorum,

153 999 224 1038 sed
243 1012 294 1037 ne
314 997 643 1049 philosophorum
664 997 839 1048 quidem.
893 998 999 1036 Ante
1018 1010 1101 1035 rem
1121 995 1227 1035 enim
1248 1003 1489 1046 quaeruntur
1506 1002 1544 1034 5²

153 1077 256 1114 quae
289 1063 381 1102 talia
419 1071 533 1102 sunt:
581 1070 791 1114 apparatus
829 1061 1044 1112 conloquia
1080 1063 1191 1100 locus
1229 1061 1487 1100 constitutum

153 1128 405 1177 convivium;
451 1142 543 1168 cum
589 1143 630 1168 re
670 1136 828 1167 autem:
876 1129 1025 1178 pedum
1063 1127 1245 1177 crepitus,
1287 1125 1488 1179 [strepitus

97 1208 134 1241 ¹5
154 1192 394 1247 hominum‚]
416 1207 626 1245 corporum
653 1194 817 1232 umbrae
837 1200 875 1232 et
896 1192 927 1231 si
948 1192 1045 1242 quid
1065 1192 1148 1231 eius
1175 1191 1285 1231 modi
1300 1207 1310 1240 ;
1337 1199 1377 1230 at
1397 1200 1487 1243 post
1528 1210 1531 1214 ¹

153 1272 236 1298 rem
253 1274 261 1298 ε
290 1261 415 1310 pallor
434 1260 554 1298 rubor
573 1258 769 1306 titubatio,
792 1258 824 1297 si
844 1271 923 1308 qua
948 1257 1025 1296 alia
1044 1257 1155 1308 signa
1174 1256 1488 1296 conturbationis

153 1331 193 1363 et
218 1324 500 1372 conscientiae,
525 1331 726 1375 praeterea
751 1323 959 1362 restinctus
986 1322 1096 1374 ignis,
1122 1322 1276 1372 gladius
1302 1329 1488 1361 cruentus

153 1397 364 1441 ceteraque
384 1403 486 1440 quae
506 1389 773 1441 suspicionem
794 1388 886 1428 facti
906 1395 1074 1439 possunt
1095 1401 1264 1427 movere.

210 1455 410 1506 Deinceps
436 1462 494 1494 est
520 1456 631 1494 locus
654 1453 951 1494 dialecticorum
977 1452 1156 1504 proprius
1176 1467 1223 1492 ex
1242 1466 1487 1503 consequen·
1503 1464 1545 1496 53

95 1537 139 1561 20
155 1520 262 1559 tibus
281 1527 320 1560 et
338 1519 668 1559 antecedentibus
688 1527 727 1558 et
747 1518 1069 1570 repugnantibus.
1128 1519 1234 1557 Nam
1260 1517 1484 1566 coniuncta,

154 1586 206 1624 de
235 1585 379 1636 quibus
412 1586 533 1636 paulo
561 1592 653 1623 ante
686 1584 839 1623 dictum
872 1592 941 1632 est,
973 1597 1055 1623 non
1089 1597 1244 1634 semper
1277 1582 1464 1622 eveniunt
1480 1597 1490 1631 ς

153 1650 439 1701 consequentia
463 1657 597 1689 autern
632 1662 798 1700 semper.
859 1651 917 1688 Ea
943 1648 1050 1687 enim
1079 1648 1171 1687 dico
1203 1646 1490 1698 consequentia

153 1729 255 1766 quae
275 1729 356 1754 rem
377 1714 599 1754 necessario
615 1722 913 1765 consequuntur
926 1729 936 1762 ;
964 1714 1139 1764 itemque
1154 1720 1193 1752 et
1211 1711 1490 1752 antecedentia

152 1789 190 1820 et
211 1780 478 1831 repugnantia.
539 1780 748 1831 Quidquid
774 1779 880 1819 enim
906 1779 1082 1830 sequitur
1107 1791 1308 1829 quamque
1331 1791 1424 1826 rem,
1447 1778 1489 1817 id

95 1857 137 1890 25
153 1847 339 1885 cohaeret
363 1859 455 1885 cum
481 1859 522 1885 re
548 1844 770 1884 necessario
783 1860 794 1894 3
822 1852 862 1884 et
887 1843 1083 1895 quidquid
1109 1851 1311 1895 repugnat,
1336 1843 1379 1883 id
1404 1843 1488 1883 eius

154 1911 265 1951 modi
301 1919 360 1951 est
388 1919 431 1950 ut
463 1912 674 1950 cohaerere
707 1924 927 1961 numquam
965 1909 1099 1960 possit.
1162 1911 1267 1950 Cum
1297 1909 1488 1960 tripertito
1507 1923 1551 1960 13

153 1976 268 2027 igitur
300 1976 556 2015 distribuatur
585 1977 695 2015 locus
725 1975 800 2023 hic,
831 1975 872 2014 in
901 1974 1225 2014 consecutionem
1254 1975 1490 2014 antecessio-

153 2055 245 2082 nem
266 2041 578 2092 repugnantiam,
601 2040 822 2092 reperiendi
847 2040 1068 2091 argumenti
1094 2041 1206 2079 locus
1230 2040 1397 2090 simplex
1416 2048 1485 2088 est,

153 2107 348 2147 tractandi
377 2106 525 2157 triplex.
585 2108 690 2145 Nam
718 2105 814 2156 quid
841 2105 1013 2154 interest,
1036 2119 1127 2144 cum
1157 2107 1234 2145 hoc
1261 2105 1485 2156 sumpseris,

92 2191 136 2223 30
153 2172 362 2224 pecuniam
383 2179 630 2211 numeratam
655 2170 808 2210 mulieri
828 2171 965 2210 deberi
990 2171 1054 2210 cui
1075 2171 1124 2210 sit
1142 2180 1348 2222 argentum
1368 2185 1488 2210 omne

153 2240 336 2290 legatum,
376 2245 508 2276 utrum
553 2238 630 2276 hoc
675 2237 798 2276 modo
835 2238 1052 2276 concludas
1097 2244 1400 2287 argumentum:
1448 2235 1489 2276 Si

0 1407 30 1635 vanu-W
14 1247 19 1252 r

198 2351 250 2382 14,
279 2351 317 2381 15
349 2342 513 2382 strepitus
544 2342 718 2373 hominurn
750 2341 818 2373 secl.
849 2341 1032 2374 Friedrich:
1067 2323 1188 2381 '‘neque
1217 2342 1302 2373 enim
1333 2340 1490 2372 Boethius

153 2384 305 2418 noverat'
475 2387 514 2417 18
536 2392 720 2424 ceteraque
747 2383 868 2426 mos:
907 2390 942 2417 et
973 2390 1086 2417 cetera
1111 2384 1214 2420 db²l32
1254 2390 1368 2417 cetera
1398 2383 1488 2417 codd.

154 2440 197 2461 20
220 2430 378 2461 adiuncta
395 2429 517 2461 maluit
530 2428 708 2460 Manutius
