1696 2730
144 163 195 202 23
217 160 259 203 87
586 153 643 192 M.
683 152 855 191 TVLLI
895 151 1208 192 CICERONIS

214 279 262 305 ex
291 263 515 306 coniunctis
544 264 648 304 sumi
675 271 854 316 possunt.
912 265 979 303 Ad
1005 263 1280 304 definitionem
1309 270 1443 303 autem
1471 276 1555 315 per-

213 331 311 371 tinet
358 331 457 371 ratio
503 338 542 370 et
587 330 752 370 scientia
799 329 1029 369 definiendi.
1099 331 1234 380 Atque
1282 328 1375 368 huic
1421 328 1555 379 generi

213 397 426 435 finitimum
456 403 515 436 est
543 396 643 436 illud
675 397 785 446 quod
814 395 1003 452 appeliari
1033 396 1084 434 de
1113 396 1257 434 eodem
1287 401 1326 433 et
1352 395 1403 434 de
1432 395 1555 433 altero

213 461 398 510 diximus,
427 461 538 511 quod
570 473 695 511 genus
730 461 858 499 forma
891 461 1090 510 quaedam
1124 458 1368 499 definitionis
1401 465 1486 507 est3
1523 458 1554 497 si

213 526 320 566 enim
365 534 574 577 quaeratur
618 525 779 565 idemne
825 525 874 564 sit
917 525 1134 576 pertinacia
1172 532 1210 564 et
1252 523 1552 576 perseverantia,
1574 539 1591 571 5

153 595 194 626 88
214 591 514 632 definitionibus
543 591 801 631 iudicandum
831 598 900 631 est.
961 590 1060 630 Loci
1084 579 1219 630 autem
1246 589 1486 630 convenient
1514 589 1554 628 in

214 653 298 697 eius
341 657 495 708 generis
534 656 812 708 quaestionem
857 656 1139 707 consequentis
1183 655 1456 695 antecedentis
1501 668 1556 694 re—

213 722 425 774 pugnantis
440 737 451 772 3
491 722 670 762 adiuncti
704 722 825 762 etiam
854 722 911 761 eis
941 721 1010 773 qui
1039 728 1249 760 sumuntur
1283 735 1331 760 ex
1358 720 1487 760 causis
1516 727 1555 760 et

214 788 374 828 effectis.
434 790 540 827 Nam
570 788 602 827 si
630 789 735 827 hanc
762 802 846 827 rem
873 787 939 826 illa
965 787 1155 838 sequitur,
1181 788 1285 826 hanc
1311 793 1445 825 autem
1471 799 1554 826 non

214 854 415 905 sequitur3
442 861 511 892 aut
537 853 569 892 si
595 853 688 892 huic
708 853 763 892 rei
790 853 856 892 illa
875 852 1090 901 antecedit,
1110 852 1204 891 huie
1224 865 1307 891 non
1329 851 1555 900 antecedit3
1577 868 1616 890 10

213 926 281 958 aut
315 919 346 959 si
379 919 473 958 huic
502 918 557 958 rei
586 925 790 969 repugnat,
822 918 878 957 illi
907 931 989 957 non
1020 924 1212 969 repugnat
1228 932 1238 966 3
1279 924 1348 956 aut
1376 916 1408 956 si
1437 916 1554 956 huius

214 985 269 1024 rei
297 986 407 1032 haec,
439 984 542 1023 illius
572 984 648 1023 alia
677 997 796 1023 causa
825 991 884 1023 est
898 998 910 1033 3
942 991 1010 1022 aut
1039 983 1071 1022 si
1100 997 1147 1023 ex
1175 983 1253 1023 alio
1282 984 1370 1030 hoc,
1402 996 1450 1022 ex
1477 982 1555 1022 alio

214 1050 313 1090 illud
344 1051 530 1089 effectum
564 1057 647 1089 est:
686 1063 734 1089 ex
760 1049 902 1100 quovis
932 1050 1075 1089 horum
1101 1049 1143 1088 id
1171 1050 1225 1089 de
1248 1061 1329 1099 quo
1356 1047 1555 1099 quaeritur

154 1120 195 1160 89
215 1116 376 1156 idemne
413 1129 465 1154 an
503 1115 611 1154 aliud
646 1115 695 1154 sit
729 1114 895 1154 inveniri
933 1121 1074 1166 potest.
1134 1115 1200 1153 Ad
1237 1113 1396 1153 tertium
1429 1126 1554 1164 genus

215 1181 471 1232 quaestionis,
499 1181 541 1220 in
570 1195 651 1232 quo
681 1182 798 1232 quale
827 1180 888 1219 sit'
905 1180 1117 1231 quaeritur,
1143 1179 1184 1218 in
1214 1173 1554 1230 comparationem
1574 1193 1614 1225 15

216 1261 262 1286 ea
281 1248 430 1287 cadunt
451 1260 553 1298 quae
573 1248 693 1298 paulo
713 1253 806 1286 ante
825 1245 867 1284 in
887 1244 1194 1297 comparationis
1214 1246 1304 1284 loco
1325 1251 1553 1284 enumerata

215 1320 316 1352 sunt.
369 1315 418 1351 In
438 1312 536 1352 illud
556 1320 690 1351 autem
711 1325 836 1363 genus
856 1311 897 1350 in
925 1325 1006 1362 quo
1026 1312 1077 1350 de
1105 1311 1330 1362 expetendo
1350 1309 1555 1360 fugiendo-

216 1391 294 1428 que
333 1377 533 1428 quaeritur
569 1377 811 1416 adhibentur
853 1390 900 1416 ea
939 1390 1041 1427 quae
1084 1383 1176 1415 sunt
1213 1382 1282 1414 aut
1323 1374 1445 1414 animi
1487 1383 1555 1414 aut

217 1443 391 1494 corporis
416 1450 485 1482 aut
511 1450 672 1482 externa
691 1443 753 1482 vel
779 1443 995 1481 commoda
1020 1442 1082 1480 vel
1108 1441 1376 1480 incommoda.
1437 1442 1555 1480 Item-

218 1522 295 1559 que
316 1522 408 1548 cum
435 1509 486 1548 de
513 1509 684 1547 honesto
704 1507 888 1558 turpique
909 1506 1119 1557 quaeritur,
1140 1508 1192 1545 ad
1211 1505 1334 1545 animi
1360 1506 1468 1545 bona
1487 1513 1554 1546 aut
1574 1518 1616 1540 ²0

155 1591 199 1624 90
218 1575 322 1613 mala
341 1573 471 1613 omnis
491 1573 617 1612 oratio
637 1572 843 1623 dirigenda
869 1580 938 1611 est.
998 1573 1103 1612 Cum
1130 1579 1263 1611 autem
1290 1573 1341 1611 de
1365 1585 1496 1623 aequo
1516 1579 1555 1612 et

158 1633 165 1637 ’
217 1639 355 1690 iniquo
375 1638 588 1687 disseritur,
610 1637 820 1689 aequitatis
843 1637 921 1677 loci
941 1637 1198 1688 conligentur.
1259 1637 1317 1676 Hi
1342 1645 1556 1677 cernuntur

218 1704 414 1755 bipertito,
439 1711 478 1743 et
497 1711 637 1743 natura
657 1711 696 1743 et
716 1703 908 1743 instituto.
969 1705 1120 1743 Natura
1140 1710 1269 1754 partes
1295 1703 1417 1742 habet
1442 1704 1553 1751 duas,

217 1769 473 1809 tributionem
501 1770 562 1809 sui
588 1769 733 1820 cuique
757 1777 796 1809 et
822 1769 1041 1808 ulciscendi
1067 1768 1137 1808 ius.
1198 1768 1402 1808 Institutio
1421 1775 1554 1808 autem

216 1835 425 1886 aequitatis
454 1835 647 1885 tripertita
675 1842 734 1875 est
749 1849 760 1884 3
792 1849 872 1874 una
901 1848 990 1886 pars
1019 1834 1194 1885 legitima
1219 1841 1289 1882 est,
1317 1835 1439 1873 altera
1463 1847 1555 1873 con·
1574 1844 1613 1876 25

216 1900 391 1949 veniens,
438 1901 551 1940 tertia
597 1900 717 1940 moris
765 1907 960 1940 vetustate
1007 1901 1169 1939 firmata.
1242 1898 1392 1952 [Atque
1435 1899 1554 1939 etiam

217 1966 395 2017 aequitas
416 1966 606 2017 tripertita
627 1966 771 2006 dicitur
797 1980 883 2006 esse
898 1981 909 2015 3
937 1979 1017 2005 una
1039 1967 1091 2005 ad
1115 1979 1278 2016 superos
1305 1966 1414 2012 deos,
1435 1966 1556 2004 altera

218 2033 269 2070 ad
309 2044 456 2078 manes,
498 2031 611 2070 tertia
648 2033 700 2071 ad
744 2031 928 2071 homines
973 2031 1179 2082 pertinere.
1250 2030 1382 2069 Prima
1418 2029 1555 2081 pietas,

223 2097 399 2135 secunda
433 2097 630 2144 sanctitas,
663 2097 776 2136 tertia
810 2096 958 2136 iustitia
988 2104 1056 2135 aut
1086 2095 1264 2146 aequitas
1298 2093 1555 2148 nominatur.]

151 2172 204 2210 24
226 2164 289 2201 De
332 2162 538 2213 proposito
582 2162 674 2202 satis
712 2164 847 2210 multa,
887 2161 1077 2212 deinceps
1115 2163 1166 2201 de
1210 2174 1329 2200 causa
1371 2160 1557 2212 pauciora
1574 2173 1616 2205 30

223 2227 395 2266 dicenda
439 2235 540 2267 sunt.
613 2230 805 2279 Pleraque
846 2228 953 2267 enim
998 2234 1090 2266 sunt
1133 2227 1169 2266 ei
1214 2241 1304 2266 cum
1352 2226 1556 2278 proposito

221 2293 459 2332 communia.

264 2405 284 2434 3
309 2397 351 2427 de
364 2397 471 2427 altero
488 2396 596 2428 codd.:
617 2397 658 2428 de
675 2396 741 2428 alio
755 2395 826 2427 b¹de
912 2397 933 2428 8
949 2397 1119 2427 adiunctis
1134 2395 1223 2436 vulg.
1318 2406 1360 2434 24
1377 2395 1555 2427 tuitionem

223 2438 275 2469 Oa
383 2441 503 2479 cuique
529 2440 582 2471 A:
620 2451 687 2472 om.
715 2440 804 2471 codd.
917 2440 1077 2472 Instituta
1108 2444 1223 2472 autem
1255 2439 1409 2479 aequitas
1434 2438 1558 2471 Schatz

221 2484 328 2523 26-29
351 2483 467 2523 Atque
484 2507 490 2515 .
511 2508 519 2516 .
539 2508 546 2515 .
566 2485 758 2515 nominatur
771 2484 840 2516 secl.
866 2483 992 2516 Schutz
