1630 2730
124 162 178 203 59
198 170 260 203 215
537 158 593 196 Μ.
625 157 796 196 TVLLI
823 157 1134 197 CICERONIS

196 269 354 318 Crasso,
373 270 571 319 quaedam
598 269 717 309 etiam
746 269 947 321 superiora
960 284 971 319 3
998 277 1039 309 at
1066 269 1198 310 Crassi
1226 268 1350 321 magis
1379 268 1532 310 nitebat

194 334 330 373 oratio.
390 336 428 374 N
432 349 477 374 ec
503 349 596 375 vero
623 335 798 387 Sulpicio
827 349 959 387 neque
986 336 1129 376 Cottae
1157 334 1289 375 dicere
1317 348 1530 387 possumus

193 413 324 451 neque
357 400 544 451 cuiquam
578 401 688 441 bono
718 401 862 441 oratori
894 415 977 441 rem
1011 403 1132 440 ullam
1166 415 1214 440 ex
1246 400 1321 440 illis
1352 400 1530 452 quinque

112 473 174 505 216
193 466 371 516 partibus
396 468 514 517 plane
539 474 659 518 atque
688 467 854 506 omnino
874 466 1065 506 defuisse.
1125 467 1268 517 Itaque
1293 465 1335 505 in
1355 466 1530 507 Curione

193 532 272 570 hoc
290 531 492 571 verissime
518 531 683 572 iudicari
708 539 850 583 potest,
873 533 982 571 nulla
1009 545 1050 571 re
1073 545 1154 570 una
1179 531 1303 583 magis
1332 538 1529 572 oratorem
1548 545 1566 577 5

193 596 466 636 commendari
481 610 602 647 quam
616 598 827 637 verborum
849 599 1060 649 splendore
1080 605 1119 636 et
1138 597 1263 648 copia.
1309 598 1417 637 Nam
1437 611 1530 638 cum

118 662 177 700 60
195 663 329 701 tardus
349 662 390 701 in
406 663 620 713 cogitando
635 670 720 702 tum
736 663 776 702 in
797 664 986 703 struendo
1002 662 1214 714 dissipatus
1230 662 1312 702 fuit.
1359 662 1531 714 Reliqua

193 729 275 767 duo
304 736 407 776 sunt,
435 742 550 780 agere
578 736 618 768 et
646 728 898 768 meminisse:
928 728 968 767 in
997 736 1167 779 utroque
1194 727 1412 768 cachinnos
1442 727 1532 767 inri-

192 793 373 832 dentium
402 794 694 834 commovebat.
754 796 892 834 Motus
921 801 1003 833 erat
1031 793 1074 841 is,
1106 807 1227 844 quem
1257 801 1297 833 et
1325 794 1371 834 C.
1403 793 1529 833 Iulius

192 858 231 897 in
252 867 488 911 perpetuum
515 859 677 907 notavit,
699 873 791 899 cum
818 873 866 899 ex
891 873 940 899 eo
963 859 1005 898 in
1031 867 1240 910 utramque
1265 866 1418 910 partem
1443 866 1529 899 toto
1549 872 1588 894 10

190 937 355 974 corpore
392 924 600 964 vacillante
638 923 832 975 quaesivit
868 923 957 975 quis
994 925 1221 975 loqueretur
1258 937 1280 963 e
1317 925 1457 973 luntre,
1490 931 1531 965 et

191 990 265 1030 Cn.
280 989 451 1028 Sicinius
467 990 590 1029 homo
609 989 798 1041 impurus,
813 991 884 1029 sed
898 990 1120 1029 admodum
1139 988 1327 1028 ridiculus
1331 1002 1529 1040 ,—neque

109 1063 169 1099 217
189 1054 298 1094 aliud
329 1054 369 1093 in
402 1069 451 1094 eo
485 1055 649 1095 oratoris
686 1055 814 1095 simile
852 1055 1079 1106 quicquam,
1138 1056 1179 1094 Is
1217 1068 1310 1094 cum
1347 1054 1528 1095 tribunus

189 1121 317 1172 plebis
333 1120 551 1161 Curionem
571 1129 610 1161 et
626 1121 838 1162 Octavium
858 1123 1041 1160 consules
1061 1119 1311 1172 produxisset
1326 1120 1529 1173 Curioque

191 1188 314 1226 multa
342 1186 505 1226 dixisset
534 1188 698 1227 sedente
727 1188 801 1227 Cn,
825 1186 994 1227 Octavio
1023 1187 1198 1237 conlega,
1221 1185 1290 1237 qui
1318 1185 1526 1227 devinctus
1548 1204 1585 1238 ¹5

189 1260 271 1291 erat
291 1252 420 1291 fasciis
441 1260 480 1292 et
500 1252 633 1292 multis
655 1252 956 1292 medicamentis
983 1259 1144 1304 propter
1162 1253 1343 1292 dolorem
1369 1259 1527 1295 artuum

188 1317 400 1366 delibutus,
422 1320 689 1369 ‘numquam'
708 1318 846 1369 inquit,
869 1317 1045 1367 ‘Octavi,
1065 1319 1255 1368 conlegae
1274 1324 1343 1357 tuo
1362 1316 1527 1368 gratiam

188 1385 354 1423 referes:
395 1384 464 1435 qui
497 1383 573 1423 nisi
610 1397 653 1424 se
691 1397 764 1424 suo
798 1398 908 1424 more
946 1383 1179 1433 iactavisset‚
1212 1383 1334 1423 hodie
1368 1390 1407 1422 te
1439 1382 1527 1423 istic

188 1463 349 1489 muscae
382 1449 675 1489 comedissent.'
733 1450 930 1489 Memoria
966 1457 1100 1489 autem
1134 1449 1188 1488 ita
1220 1448 1294 1488 fuit
1330 1450 1450 1497 nulla,
1482 1456 1527 1488 ut

186 1515 435 1565 aliquotiens,
458 1515 530 1554 tria
550 1529 642 1554 cum
668 1515 951 1567 proposuisset,
972 1523 1040 1554 aut
1060 1522 1243 1565 quartum
1267 1515 1432 1554 adderet
1456 1521 1526 1554 aut
1545 1531 1587 1555 20

187 1580 345 1620 tertium
367 1588 572 1632 quaereret
586 1595 596 1629 3
625 1581 693 1632 qui
720 1581 760 1620 in
784 1581 933 1621 iudicio
959 1580 1112 1632 privato
1137 1582 1200 1619 vel
1226 1579 1410 1628 maximo,
1432 1593 1525 1620 cum

186 1659 260 1698 ego
279 1660 352 1697 pro
371 1646 520 1685 Titinia
541 1647 684 1687 Cottae
704 1646 1000 1698 peroravissem,
1023 1646 1088 1686 ille
1109 1653 1247 1685 contra
1267 1659 1331 1685 me
1350 1659 1422 1696 pro
1442 1646 1522 1685 Ser.

186 1711 341 1752 Naevio
361 1712 520 1760 diceret,
543 1711 676 1751 subito
696 1720 821 1751 totam
841 1726 1002 1752 causam
1023 1711 1170 1751 oblitus
1190 1718 1249 1751 est
1269 1710 1391 1762 idque
1410 1724 1526 1751 vene·
1550 1740 1556 1744 -

101 1781 167 1813 218
186 1777 284 1816 ficiis
313 1784 353 1816 et
381 1777 634 1817 cantionibus
655 1777 828 1817 Titiniae
856 1779 1005 1817 factum
1031 1791 1118 1817 esse
1143 1776 1314 1816 dicebat.
1374 1777 1524 1827 Magna

185 1844 284 1883 haec
303 1843 548 1882 immemoris
568 1843 702 1894 ingeni
722 1843 834 1894 signa
850 1858 860 1892 ;
889 1845 960 1883 sed
980 1843 1079 1882 nihil
1099 1842 1251 1894 turpius
1271 1855 1391 1893 quam
1411 1843 1521 1893 quod
1543 1858 1582 1891 ²5

183 1908 303 1948 etiam
328 1908 367 1947 in
398 1908 552 1959 scriptis
581 1908 888 1948 obliviscebatur
916 1908 1014 1960 quid
1043 1909 1162 1959 paulo
1191 1915 1283 1947 ante
1311 1907 1520 1958 posuisset,

184 1982 226 2012 ut
246 1973 286 2012 in
307 1987 356 2012 eo
382 1973 494 2022 libro,
517 1973 587 2012 ubi
615 1987 658 2013 se
682 1982 893 2014 exeuntem
914 1988 936 2014 e
957 1981 1097 2014 senatu
1121 1981 1160 2013 et
1186 1987 1277 2013 cum
1300 1975 1429 2012 Pansa
1454 1987 1524 2013 no-

183 2046 263 2078 stro
284 2047 322 2078 et
343 2053 433 2078 cum
455 2039 630 2079 Curione
650 2039 731 2079 filio
753 2042 1064 2091 conloquentem
1089 2038 1182 2078 facit
1203 2037 1312 2092 [cum
1339 2046 1522 2078 senatum

183 2106 329 2144 Caesar
357 2106 497 2144 consul
524 2104 744 2158 habuisset]
765 2105 977 2156 omnisque
1003 2105 1068 2145 ille
1092 2118 1222 2144 sermo
1248 2106 1391 2144 ductus
1417 2109 1475 2143 est
1499 2118 1522 2144 e

226 2219 291 2248 2-4
316 2219 380 2240 nec
397 2219 476 2240 vero
495 2232 502 2240 .
521 2232 528 2240 .
545 2233 553 2241 .
574 2209 723 2240 defuisse
738 2210 808 2242 secl.
829 2208 1002 2241 Eberhard
1131 2218 1149 2248 7
1173 2207 1208 2239 in
1226 2209 1391 2239 struendo
1408 2207 1459 2239 F:
1485 2207 1520 2238 in

183 2253 385 2284 instruendo
404 2252 432 2284 C
572 2262 608 2284 11
635 2253 711 2293 quis
726 2252 756 2284 L
773 2257 802 2284 et
817 2253 956 2293 Quintil.
972 2265 980 2284 z
1002 2252 1084 2292 quid
1104 2251 1228 2293 Campe
1325 2251 1523 2292 loqueretur

182 2297 294 2337 vulga:
330 2296 490 2335 loquetur
516 2295 547 2327 L
724 2297 859 2329 eluntre
874 2296 977 2328 FMG
996 2307 1003 2327 ε
1037 2307 1057 2328 e
1080 2296 1184 2326 lintre
1211 2294 1276 2327 0²:
1300 2295 1436 2326 cluntre
1455 2293 1519 2328 Ol:

182 2340 225 2371 eli
243 2340 332 2370 intre
348 2339 435 2372 BH:
460 2340 495 2370 in
512 2340 624 2372 luntre
643 2340 782 2381 Quintil.
921 2351 970 2381 12,
994 2350 1032 2380 13
1049 2350 1160 2379 neque
1175 2362 1183 2371 .
1203 2363 1211 2371 .
1230 2363 1238 2371 .
1257 2338 1437 2379 quicquam
1448 2339 1521 2373 secl.

181 2383 311 2423 Kayser
394 2385 437 2414 26
460 2383 719 2416 oblivisceretur
742 2384 921 2415 Manutius
1032 2385 1086 2423 28,
1104 2394 1147 2423 29
1170 2393 1246 2414 cum
1262 2406 1270 2415 .
1289 2406 1298 2416 .
1317 2407 1325 2415 .
1345 2382 1521 2415 habuisset

179 2427 248 2458 secl.
274 2426 406 2458 Emesa
586 2438 629 2468 29
652 2429 775 2460 ductus
801 2433 853 2460 est
878 2427 1001 2459 Orelli:
1035 2427 1157 2459 ductus
1183 2431 1276 2458 esset
1307 2425 1521 2460 Lambinus.-

180 2471 302 2503 ductus
318 2469 348 2501 L
364 2482 370 2502 :
396 2471 530 2503 ducitur
544 2472 631 2513 vulg.
