1696 2730
652 127 889 167 ORATOR
1386 137 1438 176 54

107 233 301 274 rationem
339 248 408 273 cur
445 233 523 272 sint
559 246 642 272 non
679 239 827 283 queant
863 233 1040 271 reddere.
1110 231 1279 280 Deinde,
1320 232 1352 271 si
1390 233 1439 272 sit

108 313 295 339 numems
321 299 361 338 in
390 298 578 346 oratione,
600 297 727 348 qualis
756 297 805 336 sit
833 305 901 336 aut
929 298 1076 348 quales,
1102 305 1142 336 et
1170 311 1192 337 e
1220 297 1439 348 poeticisne

108 364 281 404 numeris
313 378 365 403 an
394 378 442 404 ex
468 363 547 403 alio
574 376 717 414 genere
745 364 921 413 quodam
955 370 1005 411 et,
1033 362 1065 401 si
1094 376 1116 401 e
1143 362 1321 413 poeticis,
1350 362 1438 413 quis

107 443 244 469 eorum
265 429 314 469 sit
332 437 401 468 aut
415 429 481 480 qui
497 443 509 478 ;
535 442 710 479 namque
728 428 814 467 aliis
834 441 936 466 unus
957 429 1079 467 modo
1098 427 1183 466 aliis
1203 429 1334 479 plures
1353 427 1438 466 aliis

71 513 89 545 5
107 508 246 534 omnes
275 495 382 534 idem
402 495 595 534 videntur.
652 493 821 540 Deinde,
843 492 1086 544 quicumque
1111 500 1203 532 sunt
1229 492 1310 532 sive
1336 506 1439 531 unus

107 559 188 599 sive
200 562 341 611 plures,
351 573 636 599 communesne
649 559 726 597 sint
738 558 848 598 omni
859 557 993 608 generi
1005 557 1438 609 orationis—quoniam

107 625 215 665 aliud
233 639 358 676 genus
381 633 439 664 est
463 624 647 664 narrandi
666 624 773 663 aliud
793 623 1058 674 persuadendi
1084 622 1192 662 aliud
1211 623 1440 662 docendi—

107 704 159 730 an
174 690 348 742 dispares
370 689 523 729 numeri
542 689 686 740 cuique
706 689 894 728 orationis
909 688 1042 740 generi
1060 690 1416 728 accommodentur
1431 704 1440 737 3

109 756 141 795 si
161 769 409 805 communes,
428 755 497 807 qui
516 755 594 794 sint
607 770 618 804 3
649 755 682 794 si
701 755 887 806 dispares,
910 754 1007 805 quid
1026 754 1191 803 intersit,
1211 762 1250 793 et
1269 768 1338 793 cur
1358 768 1438 794 non

37 841 92 882 i10
109 835 236 873 aeque
261 821 302 860 in
328 821 505 861 oratione
533 829 652 872 atque
681 821 721 859 in
747 834 860 860 versu
890 834 1077 860 numerus
1106 827 1303 871 appareat.
1364 822 1441 859 De-

109 887 213 935 inde,
229 889 339 938 quod
359 887 502 926 dicitur
520 887 560 925 in
581 886 758 925 oratione
777 899 1045 933 numerosum,
1060 885 1102 924 id
1123 893 1253 924 utrum
1274 899 1441 924 numero

109 954 238 991 solum
277 952 476 1000 efficiatur,
511 965 562 990 an
600 951 719 991 etiam
752 953 814 990 vel
851 950 1142 1001 compositione
1175 951 1348 1000 quadam
1379 952 1441 990 vel

107 1031 251 1068 genere
270 1019 505 1066 verborum3
531 1031 583 1056 an
610 1017 658 1056 sit
685 1030 801 1056 suum
827 1016 1030 1066 cuiusque,
1052 1023 1095 1054 ut
1114 1029 1302 1055 numerus
1328 1015 1443 1054 inter-

109 1082 230 1131 vallis,
266 1082 504 1134 compositio
541 1082 720 1130 vocibus,
752 1095 876 1132 genus
914 1081 1043 1132 ipsum
1081 1081 1291 1120 verborum
1330 1079 1442 1131 quasi

51 1164 91 1196 15
111 1149 284 1198 quadarn
304 1149 432 1187 forma
451 1155 489 1187 et
508 1147 658 1186 lumine
681 1146 868 1186 orationis
893 1154 1092 1197 appareat,
1112 1146 1241 1197 sitque
1261 1146 1441 1185 omnium

109 1215 198 1253 sons
223 1213 461 1264 compositio
487 1227 534 1252 ex
557 1226 683 1263 eaque
712 1220 751 1252 et
776 1226 964 1251 numerus
993 1211 1182 1251 efficiatur
1207 1219 1246 1251 et
1269 1225 1316 1251 ea
1341 1225 1444 1262 quae

110 1279 296 1319 dicuntur
325 1279 512 1319 orationis
544 1279 655 1329 quasi
689 1279 839 1317 formae
872 1286 912 1317 et
940 1277 1100 1325 lumina,
1132 1291 1247 1328 quae,
1277 1284 1320 1316 ut
1349 1276 1440 1324 dixi,

54 1347 59 1350 '
110 1345 251 1384 Graeci
270 1353 414 1384 vocant
434 1346 623 1397 σχήματα.
689 1346 743 1383 At
763 1357 844 1382 non
871 1351 930 1382 est
949 1357 1072 1382 unum
1100 1356 1175 1382 nec
1198 1342 1304 1382 idem
1332 1342 1442 1393 quod

110 1423 209 1449 voce
246 1409 466 1449 iucundum
504 1418 563 1449 est
600 1417 640 1449 et
677 1410 787 1460 quod
825 1408 1098 1448 moderatione
1137 1409 1364 1447 absolutum
1403 1415 1442 1446 et

14 1479 94 1517 ¹20
110 1477 220 1527 quod
240 1475 518 1515 inluminatum
538 1488 681 1526 genere
700 1475 930 1522 verborum·
955 1487 1197 1524 quamquam
1218 1472 1259 1512 id
1279 1472 1442 1523 quidem

110 1540 323 1580 finitimum
354 1549 412 1580 est
445 1553 623 1588 numero,
654 1539 748 1590 quia
779 1553 849 1590 per
882 1552 923 1578 se
957 1540 1191 1589 plerumque
1224 1539 1441 1588 perfectum

109 1613 169 1644 est
183 1620 194 1654 ;
226 1605 464 1656 compositio
491 1613 625 1644 autem
653 1606 705 1644 ab
731 1613 899 1655 utroque
927 1604 1067 1651 differt,
1090 1617 1191 1654 quae
1218 1611 1301 1642 tota
1326 1602 1443 1642 servit

109 1670 287 1722 gravitati
317 1684 462 1710 vocum
499 1679 568 1710 aut
601 1670 794 1709 suavitati.
860 1671 976 1708 Haec
1014 1668 1129 1719 igitur
1166 1670 1245 1708 fere
1279 1676 1371 1707 sunt
1401 1667 1442 1706 in

110 1736 255 1788 quibus
284 1736 338 1775 rei
367 1744 506 1775 natura
533 1737 760 1787 quaerenda
787 1735 846 1774 sit.

52 1817 92 1850 ²5
167 1803 266 1840 Esse
285 1814 378 1851 ergo
399 1800 438 1839 in
459 1800 636 1839 oratione
656 1813 865 1839 numerum
885 1799 1086 1849 quendam
1109 1811 1190 1836 non
1210 1804 1269 1837 est
1284 1796 1442 1836 difficile

103 1880 360 1918 cognoscere.
411 1866 567 1905 Iudicat
587 1865 693 1904 enim
714 1878 876 1913 sensus,
902 1864 942 1902 in
958 1877 1039 1915 quo
1059 1871 1117 1902 est
1132 1862 1312 1913 iniquum
1333 1835 1500 1913 quod8

110 1932 254 1972 accidit
275 1945 356 1971 non
375 1945 601 1982 agnoscere,
624 1931 655 1970 si
675 1944 744 1970 cur
763 1930 804 1969 id
823 1929 977 1969 accidat
997 1928 1164 1980 reperire
1183 1941 1440 1979 nequeamus.

112 2000 255 2049 Neque
289 1997 395 2037 enim
425 1997 509 2048 ipse
537 2010 671 2036 versus
705 1995 856 2035 ratione
889 2002 948 2034 est
977 1994 1168 2046 cognituS‚
1201 1995 1272 2033 sed
1305 2001 1443 2032 natura

110 2073 230 2116 atque
249 2077 378 2110 sensu,
394 2076 513 2114 quem
534 2062 716 2101 dimensa
734 2060 832 2099 ratio
852 2060 989 2100 docuit
1008 2059 1104 2111 quid
1124 2058 1331 2098 accideret.
1382 2060 1444 2098 Ita

155 2170 176 2200 6
198 2167 417 2218 omnigeneri
434 2167 598 2198 orationis
611 2164 699 2197 codd.
716 2164 788 2196 dett.
805 2176 813 2196 ι
836 2165 1068 2203 omnigenere
1080 2164 1243 2195 orationis
1257 2163 1308 2195 L.
1332 2164 1444 2195 omnis

112 2213 252 2253 generis
267 2212 413 2243 orationi
430 2211 462 2241 A
593 2220 615 2250 9
638 2218 838 2240 communes
854 2208 1051 2239 Manuti2us
1075 2208 1186 2239 omnis
1202 2207 1268 2238 AL
1403 2216 1442 2246 13

113 2267 155 2287 an
171 2257 215 2287 sit
232 2256 443 2288 Lambinus:
466 2265 507 2285 an
526 2258 578 2285 est
593 2252 660 2284 AL
797 2262 835 2291 14
859 2262 969 2291 genus
986 2252 1096 2292 ipsum
1114 2251 1204 2282 AL:
1227 2260 1354 2290 genere
1368 2251 1442 2290 ipso

111 2299 234 2332 Schutz
399 2308 436 2338 15
453 2298 598 2337 quadam
622 2296 781 2328 Schenkl.
811 2296 977 2336 quaedam
1002 2294 1092 2326 AL.
1124 2295 1157 2325 in
1183 2295 1327 2334 quadam
1352 2294 1444 2325 Bake

111 2344 239 2375 lumine
255 2343 366 2374 Bake.
389 2343 503 2373 lumen
521 2339 611 2372 AL:
635 2339 867 2372 concinnitate
886 2338 1028 2370 Schenkl
1112 2339 1222 2379 sitque
1238 2337 1330 2369 AL:
1355 2338 1442 2370 sitve

113 2387 237 2419 Schu'tz
367 2397 409 2427 29
431 2385 601 2417 accideret
619 2384 778 2425 Madvtjg·
771 2408 778 2415 .
801 2383 964 2415 acciderit
979 2382 1046 2413 AL

1460 135 1522 167 180

1462 827 1519 858 181

1464 1345 1522 1376 182

1459 1781 1510 1820 55
