1630 2730
125 117 176 157 72

119 626 180 658 25²

199 123 215 145 2
221 126 236 156 ,ι
245 122 260 146 1
563 106 621 144 M.
660 104 832 144 TVLLI
870 102 1181 143 CICERONIS

200 219 267 271 qui
291 219 369 259 iam
397 217 542 258 mortui
562 224 664 265 sunt,
686 215 887 256 neminem
915 222 959 254 ut
978 214 1331 266 praetermitteres:
1360 228 1411 255 ne
1434 222 1477 255 tu
1499 214 1541 255 in

200 287 347 325 multos
367 284 583 324 Autronios
604 290 643 322 et
663 282 844 322 Staienos
864 281 1093 321 incurreres.
1154 281 1246 330 Qua
1265 294 1306 320 re
1330 280 1412 320 sive
1437 282 1541 321 hanc

200 352 357 391 turbam
397 350 566 400 effugere
603 346 763 387 voluisti
802 347 884 386 sive
921 345 1068 386 veritus
1107 359 1144 385 es
1181 360 1232 386 ne
1266 346 1355 397 quis
1394 360 1437 386 se
1473 354 1542 386 aut

200 415 453 467 praeteritum
473 422 541 453 aut
561 427 643 453 non
664 412 756 452 satis
775 413 981 452 laudatum
1002 411 1114 463 queri
1133 419 1278 464 posset,
1302 413 1353 452 de
1373 413 1542 454 Caesare

200 489 334 520 tamen
360 479 523 532 potuisti
550 479 693 526 dicere,
715 477 945 529 praesertim
969 491 1062 517 cum
1087 485 1126 517 et
1149 484 1263 517 tuum
1287 479 1338 518 de
1360 477 1464 517 illius
1487 477 1544 517 in·
1562 488 1580 520 5

200 546 317 598 genio
338 544 590 585 notissimum
605 543 798 583 iudicium
819 551 923 583 esset
938 556 1013 583 nec
1033 542 1137 583 illius
1157 545 1209 584 de
1226 551 1295 584 tuo
1315 544 1540 584 obscurum.

202 613 281 652 Sed
315 620 460 658 tamen,
496 611 626 657 Brute,
660 609 790 660 inquit
818 608 987 657 Atticus,
1022 610 1074 649 de
1105 610 1276 650 Caesare
1305 617 1345 650 et
1374 609 1460 661 ipse
1489 609 1544 649 ita

200 677 335 716 iudico
365 684 403 716 et
432 677 483 715 de
512 676 590 714 hoc
614 674 731 713 huius
758 674 911 725 generis
945 674 1138 715 acerrimo
1167 674 1433 715 existimatore
1463 688 1543 715 sae-

201 743 363 794 pissime
392 741 523 789 audio,
552 741 662 779 illum
693 740 874 780 omnium
909 742 990 781 fere
1024 748 1226 780 oratorum
1262 741 1404 781 Latine
1431 741 1544 792 loqui

202 807 517 860 elegantissime;
554 820 629 846 nec
664 806 705 846 id
737 808 867 846 solum
907 806 1130 846 domestica
1163 806 1466 855 consuetudine,
1499 814 1605 846 utro

202 874 357 913 dudum
395 874 446 912 de
478 871 704 911 Laeliorum
739 879 778 911 et
810 872 1039 912 Muciorum
1077 871 1235 912 familiis
1268 871 1541 919 audiebamus,

202 941 273 979 sed
307 951 551 990 quamquam
584 937 627 977 id
659 951 821 989 quoque
859 939 980 978 credo
1017 938 1152 987 fuisse,
1184 945 1330 986 tamen,
1365 945 1409 977 ut
1442 944 1545 978 esset

202 1006 376 1056 perfecta
401 1004 467 1042 illa
492 1004 597 1042 bene
626 1003 819 1054 loquendi
849 1005 946 1052 laus,
978 1003 1112 1043 multis
1142 1003 1279 1044 litteris
1308 1011 1348 1043 et
1376 1003 1432 1044 eis
1462 1003 1545 1055 qui-

203 1072 295 1110 dem
319 1069 534 1109 reconditis
559 1076 598 1108 et
621 1069 825 1120 exquisitis
852 1083 1091 1121 summoque
1114 1069 1248 1110 studio
1274 1077 1314 1109 et
1339 1069 1543 1121 diligentia

123 1149 185 1182 253
203 1144 262 1176 est
282 1142 521 1175 consecutus
538 1150 544 1174 :
575 1134 644 1186 qui
664 1135 784 1175 etiam
804 1135 846 1174 in
874 1135 1055 1175 maximis
1080 1135 1411 1187 occupationibus
1430 1136 1483 1175 ad
1502 1142 1541 1176 te
1563 1150 1603 1184 ¹5

137 1831 188 1869 73

127 1893 191 1925 254

203 1202 345 1253 ipsum,
376 1200 506 1251 inquit
539 1200 580 1239 in
611 1214 676 1240 me
708 1200 879 1250 intuens,
910 1202 961 1241 de
994 1201 1146 1241 ratione
1179 1201 1322 1241 Latine
1350 1201 1543 1252 loquendi

203 1266 498 1306 accuratissime
523 1266 721 1317 scripserit
747 1266 957 1318 primoque
983 1267 1023 1306 in
1051 1267 1153 1307 libro
1173 1266 1314 1307 dixerit
1332 1267 1544 1307 verborum

205 1333 395 1373 dilectum
422 1331 614 1383 originem
641 1345 727 1372 esse
750 1332 1002 1384 eloquentiae
1030 1332 1299 1384 tribueritque,
1328 1332 1384 1372 mi
1410 1334 1542 1382 Brute,

205 1399 298 1439 huic
318 1406 465 1446 nostro,
489 1398 557 1449 qui
584 1412 649 1438 me
672 1399 724 1438 de
749 1398 818 1438 illo
841 1398 980 1438 maluit
1004 1413 1124 1450 quam
1154 1412 1196 1438 se
1219 1399 1363 1447 dicere,
1383 1399 1544 1438 laudem

206 1466 468 1516 singularem3
514 1478 607 1504 nam
647 1465 801 1517 scripsit
838 1465 899 1504 his
929 1465 1070 1514 verbis,
1105 1479 1198 1505 curn
1236 1466 1344 1505 hunc
1380 1464 1544 1505 nomine
1565 1479 1608 1503 20

205 1539 308 1571 esset
337 1532 516 1570 adfatus:
557 1544 603 1570 ac
634 1530 676 1579 si,
708 1539 752 1570 ut
780 1531 952 1583 cogitata
979 1532 1179 1583 praeclare
1207 1531 1341 1582 eloqui
1369 1538 1544 1583 possent,

205 1611 287 1637 non
308 1597 406 1635 nulli
433 1597 566 1636 studio
593 1605 632 1636 et
658 1610 732 1636 usu
753 1598 1065 1645 elaboraverunt,
1088 1596 1201 1636 cuius
1227 1604 1266 1636 te
1292 1610 1419 1648 paene
1444 1596 1547 1648 prin-

205 1663 335 1714 cipem
365 1663 504 1714 copiae
533 1670 653 1714 atque
682 1663 931 1703 inventorem
954 1664 1058 1703 bene
1087 1664 1138 1703 de
1167 1663 1331 1703 nomine
1353 1676 1401 1702 ac
1423 1662 1547 1714 digni-

206 1738 286 1768 tate
323 1729 462 1781 populi
494 1729 671 1769 Romani
709 1729 894 1769 meritum
937 1743 1024 1770 esse
1065 1729 1290 1769 existimare
1327 1729 1547 1778 debemus3

206 1796 314 1834 hunc
350 1795 507 1834 facilem
538 1803 578 1835 et
610 1795 858 1835 cotidianum
891 1795 1049 1835 novisse
1087 1808 1311 1835 sermonem
1344 1808 1442 1835 num
1475 1808 1548 1847 pro
1567 1807 1604 1839 25

208 1861 344 1900 relicto
371 1869 429 1900 est
456 1862 720 1901 habendum?
773 1863 881 1900 Tum
908 1863 1077 1901 Brutus:
1121 1860 1264 1900 Amice
1289 1862 1460 1909 hercule,
1491 1860 1548 1900 in-

209 1925 303 1975 quit,
326 1933 365 1964 et
384 1926 594 1976 magnifice
614 1934 653 1966 te
672 1928 878 1966 laudatum
902 1934 1011 1978 puto,
1034 1940 1153 1978 quern
1182 1940 1264 1966 non
1293 1928 1421 1966 solum
1445 1925 1549 1978 prin-

208 1991 338 2042 cipem
367 1999 486 2042 atque
515 1992 764 2032 inventorem
798 1992 937 2044 copiae
971 1992 1123 2042 dixerit,
1156 2006 1259 2044 quae
1292 1999 1375 2032 erat
1405 2006 1549 2044 magna
1593 1981 1595 1983 V

252 2106 272 2136 3
296 2106 334 2127 es
350 2096 425 2129 add.
441 2097 529 2139 vulg.
623 2099 644 2129 6
668 2108 731 2129 nec
749 2097 840 2130 illius
857 2098 906 2130 F:
930 2109 975 2130 ne
994 2098 1084 2130 illius
1103 2098 1132 2130 C
1220 2108 1260 2139 15
1284 2097 1341 2139 qui
1351 2096 1548 2130 Schneider:

209 2141 289 2179 quin
315 2140 343 2170 L
560 2152 599 2182 17
624 2142 761 2182 scripsit
791 2143 852 2185 (sic
874 2142 923 2183 F)
949 2166 957 2174 .
977 2167 985 2175 .
1006 2167 1012 2174 .
1033 2143 1119 2174 dixit
1134 2166 1142 2174 .
1163 2165 1171 2175 .
1192 2165 1201 2175 .
1220 2143 1406 2183 tribuitque
1429 2142 1551 2173 maluit

209 2183 382 2215 Eberhard
489 2196 527 2217 21
554 2190 591 2217 ut
609 2186 759 2226 cogitata
775 2187 863 2228 vulg.
879 2197 886 2218 ε
911 2187 1059 2226 cogitata
1075 2190 1112 2217 ut
1127 2186 1273 2228 Stangl:
1297 2187 1325 2218 si
1341 2197 1369 2218 c.
1385 2196 1418 2226 p.
1435 2186 1547 2226 eloqui

210 2233 245 2258 ut
261 2238 294 2267 p.
313 2227 450 2259 Martha
538 2239 580 2260 22
606 2230 702 2261 cuius
729 2229 811 2262 GL:
845 2232 880 2261 in
906 2241 974 2271 quo
998 2231 1090 2262 illius
1114 2229 1275 2262 Martha:
1309 2230 1410 2262 huius
1425 2229 1550 2261 Piderit

211 2281 252 2311 25
278 2273 366 2303 hunc
392 2273 524 2303 facilem
551 2278 585 2304 et
610 2275 720 2315 vulg:
764 2275 859 2306 hunc
884 2274 985 2306 facile
1011 2279 1046 2306 et
1069 2274 1120 2306 L:
1155 2275 1288 2307 huncce
1311 2274 1410 2306 facile
1424 2273 1551 2315 Stangl

211 2325 292 2345 num
316 2315 538 2347 Lallemand:
576 2328 667 2349 nunc
695 2318 723 2349 L
845 2319 888 2350 26
912 2319 1032 2350 relicto
1059 2319 1109 2349 L:
1144 2319 1308 2351 derelicto
1336 2317 1547 2350 Lambinus:

210 2358 336 2390 reiculo
353 2358 512 2400 Madvig:
537 2361 662 2393 delicto
676 2361 802 2393 Schatz
