1696 2730
651 166 889 207 ORATOR
911 170 915 171 ’
974 169 978 171 ’
1395 178 1444 216 19
1460 174 1502 207 61

110 287 202 318 sunt
243 278 285 318 in
326 287 480 318 oratore
522 286 674 330 partem
713 278 888 329 aliquam
931 277 1007 317 sibi
1046 276 1215 328 quisque
1257 276 1444 326 vindicat,

109 344 271 384 dicendi
294 351 439 392 autem,
461 343 503 384 id
532 351 591 383 est
617 343 842 395 eloquendi,
866 342 1037 382 maxima
1059 341 1116 382 vis
1136 342 1210 382 soli
1236 341 1329 382 huic
1354 356 1447 382 con-

109 409 273 449 ceditur.

164 476 420 526 Quamquam
458 474 566 514 enim
603 482 643 514 et
680 473 909 525 philosophi
946 473 1110 524 quidam
1148 480 1285 512 ornate
1322 472 1445 512 locuti
1464 484 1504 516 62

74 551 92 583 5
110 539 290 579 sunt—si
327 540 490 591 quidem
530 547 569 578 et
613 540 912 590 Theophrastus
951 554 976 578 a
1012 538 1217 578 divinitate
1253 538 1446 589 loquendi

110 618 258 644 nomen
287 604 437 644 invenit
465 612 505 644 et
527 604 760 644 Aristoteles
785 606 1002 643 Isocratem
1030 603 1161 655 ipsum
1189 603 1385 643 lacessivit
1407 611 1447 643 et

109 669 390 721 Xenophontis
427 683 526 709 voce
566 671 705 709 Musas
743 669 856 720 quasi
895 671 1048 709 locutas
1086 670 1217 709 ferunt
1254 676 1293 708 et
1330 670 1447 719 longe

110 734 291 775 omnium
320 735 564 786 quicumque
592 735 832 786 scripserunt
865 742 933 774 aut
960 734 1084 773 locuti
1113 742 1205 773 sunt
1233 734 1379 773 exstitit
1409 741 1448 773 et

112 800 303 840 suavitate
327 808 366 839 et
387 802 576 851 gravitate
596 800 779 852 princeps
799 802 978 848 Plato—‚
1001 808 1134 839 tamen
1154 801 1296 839 horum
1323 799 1448 839 oratio

0 862 10 911 ζ»
54 883 95 906 xo
112 879 244 916 neque
273 879 414 905 nervos
447 879 579 916 neque
612 867 772 905 aculeos
811 865 1001 904 oratorios
1034 879 1081 904 ac
1118 864 1284 904 forensis
1314 865 1445 904 habet.

0 922 10 938 ³
113 931 350 981 Loquuntur
368 944 461 970 cum
481 931 620 979 doctis,
636 944 806 982 quorum
825 931 962 970 sedare
981 930 1135 969 animos
1155 932 1308 969 malunt
1327 944 1448 981 quam
1467 937 1510 977 63

111 995 285 1044 incitare,
308 1003 346 1035 et
366 997 418 1035 de
440 995 558 1035 rebus
578 995 743 1046 placatis
765 1008 813 1034 ac
837 994 1000 1034 minime
1020 994 1256 1034 turbulentis
1275 994 1450 1034 docendi

112 1073 232 1100 causa
257 1075 339 1100 non
366 1060 550 1111 capiendi
573 1062 801 1111 loquuntur,
823 1068 867 1099 ut
890 1059 931 1098 in
957 1074 1006 1100 eo
1029 1060 1128 1111 ipso,
1149 1061 1259 1110 quod
1283 1061 1452 1099 delecta-

114 1125 265 1165 tionem
288 1125 462 1176 aliquam
490 1125 666 1165 dicendo
692 1133 950 1177 aucupentur,
972 1127 1061 1176 plus
1085 1139 1167 1164 non
1186 1125 1304 1164 nullis
1330 1139 1450 1176 quam

57 1206 96 1238 ¹5
114 1204 278 1230 necesse
310 1190 360 1230 sit
396 1193 525 1230 facere
561 1190 778 1230 videantur.
843 1193 948 1241 Ergo
985 1190 1036 1229 ab
1074 1191 1152 1229 hoc
1188 1203 1331 1240 genere
1368 1203 1451 1229 non

7 1252 10 1255 ’
114 1255 274 1295 difficile
304 1264 363 1295 est
388 1257 492 1295 hane
525 1255 808 1307 eloquentiam,
831 1257 883 1295 de
913 1269 992 1306 qua
1024 1269 1132 1294 nunc
1163 1255 1300 1306 agitur,
1329 1268 1451 1294 secer—

113 1333 217 1360 nere.
277 1320 412 1360 Mollis
441 1329 500 1360 est
525 1320 632 1360 enim
661 1320 786 1361 oratio
812 1320 1141 1372 philosophorum
1170 1327 1209 1360 et
1230 1319 1450 1359 umbratilis
1468 1325 1512 1367 64

114 1399 190 1425 nee
218 1386 423 1426 sententiis
451 1400 526 1426 nec
551 1386 680 1425 verbis
710 1385 901 1425 instructa
928 1386 1185 1437 popularibus
1214 1399 1290 1425 nec
1319 1385 1452 1424 vincta

115 1451 301 1499 numeris,
329 1452 400 1491 sed
433 1453 562 1491 soluta
591 1451 751 1491 liberius
765 1466 776 1500 ;
813 1451 912 1490 nihil
939 1451 1082 1490 iratum
1110 1451 1242 1499 habet,
1270 1450 1369 1489 nihil
1397 1450 1453 1489 in-

14 1514 29 1566 ³j·
52 1533 101 1557 7πο
116 1515 265 1564 vidum,
295 1515 394 1554 nihil
422 1524 543 1564 atrox,
571 1515 670 1554 nihil
703 1515 937 1564 miserabile,
964 1515 1063 1554 nihil
1095 1523 1270 1554 astutum
1284 1529 1295 1563 ς
1331 1523 1450 1563 casta,

14 1571 15 1574 Ἴ
116 1582 350 1629 verecunda„
376 1581 484 1633 virgo
510 1581 737 1632 incorrupta
759 1583 936 1632 quodam
962 1583 1095 1621 modo.
1155 1583 1297 1632 Itaque
1322 1594 1452 1620 sermo

116 1646 249 1698 potius
264 1660 384 1697 quam
405 1647 530 1686 oratio
545 1646 699 1686 dicitur.
751 1648 1006 1698 Quamquam
1027 1647 1134 1686 enim
1154 1646 1284 1686 omnis
1303 1645 1453 1685 locutio

117 1712 243 1752 oratio
270 1720 339 1759 est,
362 1720 495 1752 tamen
519 1712 636 1751 unius
656 1711 820 1751 oratoris
846 1711 995 1751 locutio
1018 1713 1097 1751 hoc
1119 1711 1278 1763 proprio
1301 1711 1454 1762 signata

117 1778 280 1817 nomine
301 1786 369 1816 est.

59 1857 100 1890 25
172 1842 456 1894 Sophistarum‚
485 1844 536 1883 de
566 1843 711 1894 quibus
744 1857 862 1894 supra
891 1843 982 1892 dixi,
1014 1843 1137 1894 magis
1170 1842 1451 1894 distinguenda
1467 1848 1509 1891 65

117 1907 335 1947 similitudo
364 1908 530 1956 videtur,
562 1908 630 1959 qui
664 1922 803 1948 omnes
836 1909 1000 1948 eosdem
1030 1910 1169 1948 volunt
1202 1909 1317 1948 flores
1350 1921 1452 1959 quos

117 1972 282 2012 adhibet
301 1980 432 2012 orator
458 1972 498 2011 in
527 1973 654 2012 causis
674 1973 867 2024 persequi.
926 1975 1005 2013 Sed
1029 1975 1106 2013 hoc
1125 1973 1311 2013 differunt
1329 1975 1451 2025 quod,

117 2050 210 2077 cum
234 2037 283 2077 sit
303 2037 363 2076 his
384 2038 633 2089 propositum
660 2052 741 2078 non
768 2039 996 2090 perturbare
1021 2038 1186 2087 animos,
1209 2039 1279 2078 sed
1298 2040 1454 2090 placare

118 2102 250 2153 potius
281 2116 354 2142 nec
385 2110 465 2142 tam
495 2105 732 2155 persuadere
761 2117 881 2154 quam
909 2105 1116 2152 delectare,
1145 2111 1184 2144 et
1210 2104 1383 2155 apertius
1412 2103 1454 2144 id

162 2217 183 2246 4
207 2207 343 2247 quidam
359 2207 450 2248 vulg.
469 2218 476 2237 :
500 2207 636 2247 quidem
654 2207 682 2238 L
815 2217 835 2247 5
859 2218 879 2239 a
895 2207 1073 2239 divinitate
1089 2208 1180 2249 vulg.
1196 2219 1203 2238 :
1228 2207 1408 2239 divinitate
1423 2207 1454 2238 L

119 2249 150 2289 8,
168 2261 191 2290 9
213 2255 247 2282 et
259 2260 353 2282 suav.
365 2256 399 2282 et
412 2261 505 2290 grav.
516 2251 604 2282 codd.
620 2251 695 2284 dctt.
711 2262 718 2283 :
743 2257 778 2283 et
789 2262 882 2292 grav.
893 2258 927 2283 et
944 2261 1036 2282 suav.
1054 2251 1190 2292 Sauppe
1206 2263 1214 2283 z
1237 2257 1271 2282 et
1287 2251 1455 2291 gravitate

119 2292 169 2326 L:
195 2293 262 2336 [et]
282 2294 448 2334 gravitate
464 2293 650 2336 Heerdegen
844 2305 883 2326 12
906 2299 940 2326 et
955 2296 998 2326 de
1013 2294 1220 2335 Heerdegen:
1246 2295 1313 2326 fide
1328 2293 1378 2326 L:
1406 2295 1455 2326 sic

121 2336 163 2367 de
195 2336 284 2369 codd.
309 2337 383 2369 dett.
404 2349 412 2369 :
446 2338 495 2369 sic
512 2362 520 2370 .
540 2362 548 2370 .
567 2362 575 2370 .
595 2338 778 2379 loquuntur
800 2339 868 2370 secl.
896 2338 1047 2379 Kayser:
1087 2336 1248 2380 [scilicet]
1271 2339 1314 2369 de
1333 2337 1458 2379 Stangl

124 2389 163 2419 13
182 2380 371 2420 loquuntur
385 2381 453 2413 secl.
470 2381 594 2413 Schutz
703 2382 742 2413 18
765 2382 985 2423 popularibus
1001 2382 1091 2414 codd.
1111 2381 1183 2414 dett.
1200 2393 1208 2413 ς
1232 2381 1407 2422 popularis
1425 2382 1454 2413 L

119 2423 233 2455 vincta
247 2423 336 2455 codd.
354 2424 424 2456 dett.
445 2436 453 2456 :
475 2426 589 2457 iuncta
602 2425 631 2456 L
840 2436 883 2457 20
906 2425 1098 2457 miserabile
1115 2426 1206 2468 vulg.
1223 2437 1230 2459 :
1254 2425 1408 2457 mirabile
1424 2424 1453 2469 L

120 2472 163 2507 2'3
185 2468 330 2499 oratoris
342 2467 432 2500 codd.
449 2468 522 2500 dett.
542 2480 550 2500 z
571 2468 734 2500 orationis
750 2468 779 2499 L

166 2527 230 2551 erc.
248 2527 391 2550 onnon
1348 2524 1368 2552 9
