1696 2730
156 118 207 157 25
225 117 270 161 85*
578 114 636 153 M.
676 115 846 154 TVLLI
887 116 1197 158 CICERONIS

162 225 200 264 85
223 223 400 276 itemque
420 225 452 265 si
471 240 574 277 quae
588 228 798 267 verborum
819 228 1046 269 iterationes
1065 230 1365 270 contentionem
1384 230 1558 283 aliquam

221 298 260 330 et
279 293 493 332 clamorem
520 293 730 344 requirent,
753 302 867 334 erunt
886 295 937 334 ab
964 297 1039 334 hac
1065 295 1345 336 summissione
1371 297 1560 338 orationis

219 356 400 407 alienae3
448 358 588 398 ceteris
636 359 863 410 promiscue
910 360 1054 411 poterit
1101 361 1169 409 uti,
1217 361 1569 402 continuationem.

220 423 431 462 verborum
465 425 588 463 modo
617 426 763 464 relaxet
793 433 831 464 et
860 425 1012 465 dividat
1041 434 1253 478 utaturque
1280 428 1410 467 verbis
1439 442 1559 503 qvam

221 488 497 538 usitatissimis,
529 489 853 530 translationibus
885 504 1006 542 quam
1038 492 1280 532 mollissimis
1297 507 1307 542 ς
1345 493 1481 550 etiami
1494 493 1562 533 illa
1580 507 1598 539 5

220 554 505 594 sententiarum
531 555 682 595 lumina
707 557 902 604 adsumet,
925 570 1027 608 quae
1056 571 1139 596 non
1168 565 1283 597 erunt
1305 559 1562 599 vehementer

220 619 409 659 inlustria.
468 622 563 660 Non
592 621 710 661 faciet
735 635 818 661 rem
847 622 1049 673 publicam
1076 625 1308 674 loquentem
1332 638 1407 664 nec
1430 626 1482 664 ab
1505 624 1561 664 in-

220 684 310 724 feris
331 693 508 725 mortuos
532 686 718 726 excitabit
737 701 812 726 nec
831 688 1043 727 acervatim
1065 690 1189 727 multa
1207 690 1462 741 frequentans
1481 703 1562 729 una

221 750 498 801 complexione
517 752 726 792 devinciet.
775 753 1050 792 Valentiorum
1070 755 1169 793 haec
1188 756 1355 794 laterum
1375 762 1466 794 sunt
1486 769 1561 794 nec

221 817 272 855 ab
293 817 380 864 hoc,
404 831 523 867 quem
544 817 815 867 informamus,
837 826 904 857 aut
924 821 1191 870 exspectanda
1210 827 1278 859 aut
1297 805 1536 871 postulari'da
1549 835 1561 870 5
1583 837 1621 859 ιο

161 883 204 916 86
223 882 294 921 erit
318 882 423 921 enim
448 891 491 921 ut
511 897 609 923 voce
635 883 691 922 sic
718 883 836 923 etiam
864 884 1042 924 oratione
1068 885 1324 936 suppressior.
1383 887 1463 926 Sed
1481 888 1562 937 ple-

221 958 343 995 raque
372 959 419 984 ex
447 945 522 984 illis
552 946 792 985 convenient
821 946 939 986 etiam
975 947 1068 987 huic
1098 947 1291 997 tenuitati,
1316 962 1558 1000 quamquam

220 1010 347 1049 isdem
374 1011 617 1051 ornamentis
643 1019 775 1051 utetur
794 1012 990 1052 horridius
1004 1028 1014 1062 3
1044 1015 1163 1052 talem
1190 1013 1296 1053 enim
1321 1013 1578 1054 inducimus.¹

222 1077 400 1115 Accedet
427 1076 532 1116 actio
563 1091 645 1116 non
675 1077 822 1128 tragica
850 1092 924 1117 nec
954 1092 1134 1127 scaenae,
1158 1080 1230 1118 sed
1258 1079 1417 1119 modica
1445 1079 1562 1119 iacta-

221 1141 329 1181 tione
349 1142 537 1193 corporis,
557 1145 668 1182 vultu
687 1150 822 1183 tamen
848 1146 972 1183 multa
996 1144 1211 1184 conficiens
1225 1160 1236 1194 3
1265 1158 1348 1184 non
1373 1146 1452 1185 hoc
1478 1159 1559 1197 quo
1582 1163 1620 1195 ¹5

221 1206 408 1246 dicuntur
440 1222 484 1247 os
518 1210 678 1258 ducere,
707 1210 777 1248 sed
811 1209 878 1248 illo
912 1223 994 1260 quo
1024 1209 1247 1261 significant
1277 1209 1448 1262 ingenue
1479 1224 1561 1262 quo

222 1285 340 1311 sensu
370 1273 548 1325 quidque
577 1274 845 1326 pronuntient.

147 1317 204 1355 ²6
280 1338 390 1378 Huic
423 1339 557 1390 generi
595 1340 783 1379 orationis
820 1348 1076 1392 aspergentur
1113 1341 1232 1380 etiam
1271 1342 1382 1390 sales,
1419 1341 1487 1393 qui
1520 1341 1562 1381 in

161 1379 204 1421 8⁷
222 1404 397 1444 dicendo
417 1405 584 1444 nimium
606 1413 799 1457 quantum
820 1408 975 1455 valent3
1002 1420 1170 1457 quorum
1191 1408 1274 1446 duo
1292 1420 1437 1458 genera
1455 1416 1562 1458 sunt,

221 1483 346 1509 unum
389 1471 630 1520 facetiarum,
672 1473 839 1511 alterum
887 1471 1116 1511 dicacitatis.
1176 1474 1319 1511 Vtetur
1365 1480 1534 1524 utroque
1550 1488 1561 1523 3
1581 1489 1623 1517 20,
1672 1466 1696 1522 Ξ

220 1536 291 1574 sed
319 1537 442 1575 altero
476 1536 516 1575 in
546 1538 743 1576 narrando
772 1537 924 1588 aliquid
952 1546 1127 1586 venuste,
1156 1539 1280 1577 altero
1308 1538 1348 1577 in
1378 1538 1562 1579 iaciendo

221 1601 499 1653 mittendoque
529 1602 708 1651 ridiculo,
737 1602 850 1642 cuius
883 1616 1027 1654 genera
1060 1605 1172 1654 plura
1205 1611 1322 1653 sunt;
1354 1605 1426 1643 sed
1454 1618 1562 1645 nunc

162 1674 203 1706 88
221 1666 328 1706 aliud
347 1667 511 1718 agimus.
572 1669 678 1707 Illud
697 1669 962 1708 admonemus
983 1677 1116 1708 tamen
1136 1669 1304 1708 ridiculo
1323 1669 1380 1709 sic
1399 1683 1562 1709 usurum

220 1740 415 1772 oratorem
443 1741 485 1772 ut
509 1747 584 1774 nec
608 1733 725 1773 nimis
749 1734 945 1785 frequenti
974 1749 1025 1774 ne
1049 1734 1209 1774 scurrile
1233 1734 1293 1783 sit,
1314 1749 1390 1774 nec
1418 1736 1565 1776 subob—

221 1811 342 1837 sceno
380 1812 431 1838 ne
465 1798 683 1847 mimicum,
714 1813 789 1839 nec
823 1800 1015 1851 petulanti
1053 1814 1104 1840 ne
1137 1800 1377 1851 improbum,
1413 1814 1488 1840 nec
1520 1801 1562 1840 in
1581 1814 1620 1847 25

220 1863 485 1904 calamitatem
515 1878 566 1904 ne
593 1865 871 1915 inhumanum,
891 1879 966 1905 nec
994 1865 1035 1904 in
1062 1866 1214 1905 facinus
1243 1880 1294 1905 ne
1317 1866 1400 1906 odii
1428 1868 1561 1906 locum

220 1929 319 1968 risus
343 1938 524 1981 occupet,
546 1945 678 1982 neque
701 1938 770 1970 aut
796 1945 867 1970 sua
893 1945 1062 1982 persona
1084 1939 1152 1971 aut
1171 1931 1350 1971 iudicum
1375 1939 1443 1971 aut
1467 1940 1563 1972 tem-

221 2008 316 2045 pore
342 1995 527 2035 alienum.
589 1998 705 2035 Haec
734 1996 840 2036 enim
870 1998 922 2036 ad
945 1997 1044 2036 illud
1069 1997 1303 2036 indecorum
1330 1998 1558 2037 referuntur.

161 2067 203 2108 89
222 2060 374 2099 Vitabit
407 2061 526 2100 etiam
565 2061 744 2113 quaesita
781 2076 855 2101 nec
894 2076 942 2101 ex
979 2070 1158 2114 tempore
1195 2063 1296 2110 ficta,
1333 2063 1404 2102 sed
1437 2063 1561 2103 domo

219 2127 360 2174 adlata,
383 2140 485 2177 quae
511 2129 746 2179 plerumque
772 2136 863 2167 sunt
883 2128 1032 2179 frigida.
1091 2130 1231 2167 Parcet
1251 2135 1290 2168 et
1312 2127 1495 2168 amicitiis
1521 2136 1560 2168 et
1578 2145 1621 2178 30

218 2191 490 2242 dignitatibus,
520 2193 659 2232 vitabit
688 2193 917 2233 insanabilis
948 2193 1221 2242 contumelias,
1252 2200 1407 2232 tantum
1436 2195 1560 2234 modo

262 2297 284 2326 6
308 2296 464 2329 adsumet
492 2296 705 2329 Lambinus:
737 2297 894 2329 adsumat
921 2296 950 2327 L
1109 2307 1148 2337 14
1179 2298 1321 2329 accedet
1349 2297 1561 2330 Lambinus:

219 2340 350 2370 accedit
366 2340 395 2371 l„
519 2352 558 2381 19
582 2342 720 2372 nimium
738 2340 792 2374 L:
817 2342 938 2372 mirum
948 2340 1062 2372 Aldus
1180 2351 1222 2381 25
1246 2341 1416 2373 mimicum
1429 2341 1563 2374 Nonius

220 2387 248 2413 cl
258 2383 322 2414 Iul.
345 2382 471 2415 Victor:
496 2385 665 2416 inimicum
685 2385 714 2416 L

1668 181 1696 288 ...a
1657 0 1696 150 ΜΞ

1674 1527 1687 1566 'i

1538 2698 1564 2724 ἕ
1651 2578 1690 2730 ἰ
