1696 2730
126 139 275 190 ‹36135
565 143 622 180 M.
663 142 834 180 TVLLI
873 142 1184 183 CICERONIS

207 259 294 303 pter
320 266 439 303 quem
465 253 645 293 ascendit
670 253 711 292 in
740 261 894 293 tantum
921 256 1115 294 honorem
1141 243 1379 306 eloquentia.
1439 258 1544 296 Nam

207 331 299 357 cum
338 318 468 357 omnis
506 333 594 370 pars
632 319 821 359 orationis
859 334 945 359 esse
983 321 1103 359 debet
1147 321 1367 369 laudabilis,
1409 322 1466 361 sic
1503 330 1546 361 ut

207 384 372 422 verbum
406 386 559 423 nullum
593 385 669 424 nisi
702 393 770 424 aut
807 399 924 436 grave
961 393 1029 424 aut
1062 387 1221 436 elegans
1259 386 1425 435 excidat,
1460 394 1566 442 tum¹

206 457 298 488 sunt
336 450 506 489 maxime
544 450 765 490 luminosae
803 459 842 490 et
880 448 992 502 q'uasi
1029 458 1216 490 actuosae
1253 459 1382 502 partes
1417 454 1546 492 duae:

207 527 374 565 quarum
395 517 557 555 alteram
578 515 618 554 in
645 516 816 555 universi
842 516 995 567 generis
1016 516 1250 567 quaestione
1269 531 1389 568 pono,
1411 531 1543 569 quam,
1565 528 1583 561 5

206 587 249 619 ut
279 594 396 631 supra
425 581 516 629 dixi,
546 581 687 635 Graeci
715 584 918 633 appellant
948 583 1063 631 θέο-ιν,
1093 584 1256 621 alteram
1285 582 1326 621 in
1355 583 1546 634 augendis

205 646 577 697 amplificandisque
610 647 742 696 rebus,
771 661 873 698 quae
907 648 958 686 ab
991 647 1118 687 isdem
1148 649 1304 699 αὔξησις
1336 656 1395 688 est
1423 649 1549 688 nomi-

126 716 185 748 126
206 719 307 750 nata.
369 714 484 762 Quae
518 713 591 752 etsi
624 713 884 764 aequabiliter
922 721 1007 753 toto
1041 727 1207 764 corpore
1241 713 1428 754 orationis
1461 716 1548 754 fusa

205 790 291 816 esse
321 778 455 826 debet,
485 785 618 817 tamen
648 778 689 817 in
721 779 1003 818 communibus
1033 779 1130 818 locis
1160 779 1331 819 maxime
1360 782 1548 830 excellet3

204 843 273 893 qui
302 857 537 882 communes
566 850 661 882 sunt
685 844 873 895 appellati
903 858 951 884 eo
981 846 1091 895 quod
1120 845 1306 884 videntur
1334 848 1548 886 multarum
1569 859 1608 882 10

203 908 311 947 idem
332 923 417 948 esse
438 923 656 958 causarum,
681 911 751 949 sed
777 909 925 960 proprii
949 909 1193 961 singularum
1218 925 1304 950 esse
1328 912 1545 952 debebunt.

203 975 257 1013 At
287 987 381 1013 vero
412 974 477 1012 illa
511 987 599 1024 pars
632 974 832 1023 orationis,
865 988 967 1025 quae
1000 982 1059 1014 est
1093 977 1145 1015 de
1174 989 1318 1026 genere
1351 976 1548 1027 universo,

202 1046 305 1077 totas
340 1053 478 1078 causas
509 1053 626 1090 saepe
655 1032 844 1079 continet.
906 1040 1111 1091 Quicquid
1147 1049 1205 1080 est
1239 1041 1346 1081 enim
1380 1042 1478 1082 illud
1507 1043 1549 1082 in

203 1118 283 1155 quo
313 1104 426 1155 quasi
455 1112 656 1144 certamen
686 1113 745 1144 est
778 1106 1080 1153 controversiae,
1112 1109 1222 1157 quod
1253 1109 1404 1147 Graece
1434 1110 1549 1160 κρινό-

201 1189 313 1221 μενον
333 1171 486 1219 dicitur,
510 1170 550 1210 id
578 1171 632 1210 ita
658 1171 737 1210 dici
763 1173 906 1222 placet,
927 1180 970 1211 ut
996 1173 1223 1211 traducatur
1242 1175 1294 1212 ad
1314 1182 1546 1225 perpetuam
1570 1165 1606 1222 15

204 1236 479 1287 quaestionem
500 1244 620 1287 atque
641 1237 698 1275 uti
719 1238 770 1276 de
796 1237 982 1276 universo
1007 1252 1151 1289 genere
1172 1238 1339 1288 dicatur,
1359 1239 1434 1279 nisi
1454 1254 1547 1279 cum

122 1308 186 1346 127
205 1303 255 1341 d'e
282 1316 374 1341 vero
403 1302 625 1353 ambigitur,
649 1304 758 1353 quod
789 1303 924 1354 quaeri
954 1303 1183 1343 coniectura
1212 1306 1323 1343 solet.
1384 1306 1549 1346 Dicetur

204 1375 337 1407 autem
365 1381 446 1406 non
469 1367 821 1419 Peripateticorum
849 1377 1075 1408 more-est
1099 1369 1206 1408 enim
1230 1370 1387 1410 illorum
1408 1371 1550 1411 exerci-

204 1434 301 1473 tatio
332 1435 490 1484 elegans
519 1433 598 1472 iam
627 1434 722 1474 inde
750 1435 801 1474 ab
831 1435 1044 1475 Aristotele
1078 1435 1358 1485 constituta—,
1384 1439 1455 1477 sed
1483 1438 1550 1477 ali-

205 1507 355 1550 quanto
376 1499 578 1539 nervosius
599 1507 638 1539 et
661 1500 716 1539 ita
742 1502 793 1540 de
822 1514 862 1539 re
889 1501 1119 1540 communia
1139 1501 1330 1550 dicentur,
1355 1511 1397 1542 ut
1417 1510 1456 1542 et
1475 1517 1548 1555 pro
1570 1512 1610 1544 26

204 1565 279 1604 reis
300 1566 425 1611 multa
443 1565 583 1604 leniter
603 1565 784 1605 dicantur
805 1574 843 1606 et
863 1565 903 1605 in
924 1566 1168 1606 adversarios
1188 1581 1336 1618 aspere.
1391 1571 1550 1620 Augen-

205 1630 267 1670 dis
287 1643 380 1669 vero
406 1630 524 1669 rebus
551 1638 590 1669 et
616 1639 754 1670 contra
782 1631 1002 1671 abiciendis
1029 1632 1128 1671 nihil
1154 1641 1214 1672 est
1234 1634 1344 1684 quod
1364 1647 1446 1672 non
1466 1647 1551 1685 per-

206 1698 324 1736 ficere
368 1696 492 1747 possit
537 1696 663 1736 oratio
677 1712 687 1746 3
735 1699 844 1748 quod
885 1696 956 1751 [et]
995 1697 1096 1737 inter
1143 1699 1275 1738 media
1318 1707 1550 1750 argumenta

205 1762 434 1801 faciendum
465 1769 523 1800 est
550 1762 882 1814 quotiescumque
911 1763 1070 1803 dabitur
1097 1765 1159 1803 vel
1187 1764 1457 1816 amplificandi
1486 1767 1549 1804 vel

208 1827 416 1866 minuendi
436 1828 558 1875 locus,
583 1835 621 1867 et
640 1841 768 1879 paene
788 1828 941 1868 infinite
961 1828 1002 1867 in
1022 1831 1255 1879 perorando.
1567 1846 1583 1868 2
1590 1845 1607 1879 5
1693 1876 1696 1887 γ

265 1895 359 1931 Duo
397 1900 544 1932 restant
578 1893 696 1941 enim,
733 1907 836 1944 quae
874 1894 978 1934 bene
1010 1902 1190 1934 tractata.
1211 1895 1263 1934 ab
1297 1902 1450 1935 oratore
1482 1896 1549 1935 ad·
1691 1894 1696 1958 j

210 1958 431 1997 mirabilem
452 1959 722 2009 eloquentiam
743 1959 903 1999 faciunt.
965 1961 1148 2010 Quorum
1168 1962 1335 1999 alterum
1352 1968 1421 2009 est,
1440 1962 1550 2012 quod

211 2023 353 2063 Graeci
372 2024 501 2073 ἠθικὸν
520 2032 674 2072 vocant,
697 2025 748 2063 ad
773 2032 931 2064 naturas
956 2033 995 2064 et
1014 2026 1066 2064 ad
1093 2039 1222 2065 mores
1252 2034 1290 2065 et
1315 2027 1367 2065 ad
1387 2039 1550 2066 omnem

210 2089 314 2128 vitae
340 2089 672 2128 consuetudinem
701 2092 1078 2140 accommodatum3
1106 2093 1283 2140 alterum,
1307 2093 1416 2142 quod
1441 2091 1549 2131 idem

140 1874 188 1913 37

128 1929 190 1959 128

254 2203 274 2222 2
298 2192 346 2224 sic
363 2197 401 2223 ut
417 2217 425 2224 .
444 2217 452 2224 .
472 2217 480 2224 .
501 2192 636 2224 excidat
657 2193 726 2225 secl.
754 2194 847 2225 Bake
999 2195 1019 2225 8
1042 2195 1264 2235 aequabiliter
1286 2196 1411 2228 emend.
1438 2199 1551 2227 vetus:

210 2236 401 2276 aequaliter
423 2237 490 2267 AL
592 2248 613 2277 9
637 2237 764 2268 debent
787 2262 795 2269 .
815 2262 823 2270 .
842 2262 850 2270 .
878 2238 1049 2270 excellent
1073 2239 1194 2270 malm't
1214 2239 1307 2270 Bake
1408 2249 1448 2272 10
1470 2244 1550 2270 sunt

212 2280 289 2311 add.
308 2281 398 2320 vulg.
513 2290 548 2311 11
575 2281 717 2321 proprio
740 2281 774 2312 A
890 2292 928 2312 12
951 2287 984 2313 at
1000 2283 1089 2322 vulg.
1107 2295 1114 2314 :
1138 2293 1176 2314 ac
1192 2282 1260 2314 AL
1381 2285 1421 2314 16
1443 2283 1491 2315 uti
1507 2284 1550 2314 de

211 2323 355 2364 Stangl:
379 2328 416 2355 ut
435 2324 515 2355 inde
532 2325 564 2355 A
585 2336 592 2356 ε
616 2330 652 2355 ut
669 2326 711 2356 de
727 2324 757 2354 L
849 2335 887 2365 17
911 2326 1162 2366 ambigeturL:
1186 2327 1370 2367 ambigitur
1383 2327 1416 2357 A
1507 2337 1549 2366 23

212 2372 246 2398 et
257 2378 322 2398 om.
333 2367 366 2397 A
456 2369 498 2398 26
518 2368 584 2399 duo
599 2373 728 2400 restant
737 2368 862 2400 Sclzic'tz
876 2381 883 2401 :
907 2370 995 2400 duae
1008 2380 1063 2401 res
1076 2374 1156 2402 sunt
1167 2371 1258 2402 enim
1271 2371 1303 2401 A
1319 2382 1327 2402 :
1351 2371 1417 2402 duo
1429 2374 1510 2402 sunt
1519 2370 1550 2401 L

211 2415 376 2442 tractatae
392 2411 425 2441 A
516 2422 557 2452 27
582 2411 709 2443 faciunt
724 2412 935 2454 Stephanus:
959 2413 1083 2446 faciant
1099 2415 1166 2445 AL
1255 2415 1296 2445 28
1321 2419 1476 2446 naturam
1491 2414 1525 2445 A
