1696 2730
133 133 186 173 23
207 131 249 174 78
557 123 615 163 M.
656 123 827 163 TVLLI
866 122 1176 164 CICERONIS

205 243 308 284 sunt,
331 237 402 276 sed
422 235 620 287 quaedam
644 233 764 275 etiam
787 233 1035 285 neglegentia
1058 241 1118 274 est
1137 233 1315 286 diligens.
1375 236 1481 275 Nam
1500 242 1544 276 ut

206 301 390 341 mulieres
413 315 500 341 esse
526 300 713 340 dicuntur
732 313 815 339 non
834 301 967 338 nullae
986 299 1201 348 inornatae,
1224 313 1323 351 quas
1346 300 1388 340 id
1413 301 1544 352 ipsum

206 369 357 415 deceat,
381 367 436 406 sic
456 368 556 406 haec
579 365 734 405 subtilis
761 364 888 404 oratio
912 364 1031 404 etiam
1051 364 1256 416 incompta
1274 367 1446 405 delectat
1462 380 1473 416 3
1502 367 1546 405 fit

206 433 313 472 enim
344 432 537 484 quiddam
570 431 611 470 in
642 438 821 481 utroque,
853 443 934 481 quo
965 430 1014 469 sit
1041 431 1255 479 venustius,
1287 432 1359 471 sed
1392 445 1475 471 non
1504 439 1547 471 ut

205 505 404 549 appareat.
463 499 569 536 Tum
598 495 865 535 removebitur
893 495 1023 534 omnis
1052 495 1216 547 insignis
1246 504 1408 536 ornatus
1434 497 1548 548 quasi
1567 506 1584 539 5

148 576 188 612 79
208 562 515 614 margaritarum,
546 575 597 601 ne
630 560 843 601 calamistri
875 560 1039 611 quidem
1077 560 1376 601 adhibebuntur
1389 577 1400 611 3
1427 562 1548 602 fucati

207 642 300 668 vero
331 628 625 668 medicamenta
657 626 840 666 candoris
870 633 909 665 et
938 626 1091 665 ruboris
1122 626 1258 666 omnia
1286 629 1525 679 repellentur
1538 643 1549 678 3

206 693 402 745 elegantia
430 694 553 732 modo
582 700 621 732 et
648 691 844 731 munditia
872 691 1103 731 remanebit.
1162 694 1301 732 Sermo
1327 706 1448 744 purus
1477 693 1549 733 erit

207 767 246 799 et
272 759 450 807 Latinus,
472 758 647 798 dilucide
675 759 873 809 planeque
902 757 1066 805 dicetur,
1089 756 1187 808 quid
1215 759 1357 798 deceat
1384 758 1550 798 circum-

137 833 189 871 24
208 825 395 876 spicietur
411 839 422 874 3
468 838 594 863 unum
636 822 773 871 aberit,
809 824 920 873 quod
967 830 1152 873 quartum
1198 831 1381 863 numerat
1418 826 1549 865 Theo-
1571 837 1609 859 10

207 892 392 942 phrastus
425 889 467 928 in
505 888 694 928 orationis
732 887 944 927 laudibus:
993 895 1177 927 ornatum
1215 887 1325 937 illud,
1357 903 1478 930 suave
1510 897 1550 930 et

207 957 399 995 adfluens.
459 956 613 993 Acutae
634 953 875 1003 crebraeque
896 952 1116 992 sententiae
1135 961 1336 1004 ponentur
1354 962 1394 994 et
1413 955 1550 996 nescio

208 1022 317 1060 unde
344 1034 392 1059 ex
417 1019 557 1060 abdito
583 1027 718 1059 erutae
732 1033 743 1067 3
771 1020 986 1069 ac—quod
1014 1018 1056 1058 in
1085 1021 1163 1059 hoc
1192 1027 1347 1060 oratore
1373 1021 1552 1061 domina-

210 1086 620 1126 bitur—verecundus
659 1084 731 1124 erit
768 1098 863 1124 usus
902 1084 1096 1124 oratoriae
1131 1084 1245 1136 quasi
1283 1086 1548 1137 supellectilis.

150 1158 192 1190 80
211 1153 397 1203 Supellex
423 1159 482 1190 est
508 1151 613 1190 enirn
642 1151 819 1201 quodam
846 1151 969 1189 modo
996 1158 1141 1198 nostra,
1163 1163 1266 1201 quae
1292 1158 1351 1190 est
1373 1151 1415 1190 in
1441 1166 1552 1192 orna·
1573 1167 1611 1200 15

152 1616 190 1647 81

212 1217 368 1266 mentis,
385 1216 462 1256 alia
481 1229 611 1255 rerum
630 1215 707 1254 alia
726 1216 947 1254 verborum.
1003 1216 1178 1255 Ornatus
1197 1223 1331 1255 autem
1350 1218 1551 1256 verborum

211 1284 382 1333 duplex:
411 1295 514 1321 unus
535 1280 775 1332 simplicium
795 1282 892 1320 alter
912 1282 1223 1320 conlocatorum.
1273 1281 1448 1333 Simplex
1467 1296 1553 1334 pro-

211 1349 327 1388 batur
353 1347 394 1386 in
417 1346 584 1399 propriis
610 1346 843 1397 usitatisque
868 1345 1009 1394 verbis,
1032 1347 1143 1396 quod
1168 1354 1236 1386 aut
1262 1346 1413 1398 optime
1438 1354 1553 1388 sonat

211 1422 280 1454 aut
317 1427 401 1453 rem
439 1413 610 1452 maxime
647 1413 855 1463 explanat3
897 1411 939 1450 in
976 1411 1114 1450 alienis
1142 1419 1211 1451 aut
1249 1414 1481 1453 translatum
1514 1421 1554 1454 et

212 1482 362 1519 facturn
395 1478 557 1518 aliunde
587 1485 631 1517 ut
662 1485 813 1526 mutuo,
843 1485 912 1517 aut
941 1478 1091 1517 factum
1124 1478 1177 1517 ab
1206 1477 1293 1529 ipso
1323 1492 1371 1518 ac
1404 1493 1554 1519 novum
1575 1493 1615 1515 20

212 1553 281 1585 aut
311 1544 485 1595 priscum
519 1551 558 1583 et
588 1543 820 1583 inusitatum
835 1557 846 1592 3
883 1544 954 1582 sed
985 1543 1105 1582 etiam
1138 1543 1325 1583 inusitata
1351 1558 1399 1584 ac
1427 1545 1555 1597 prisca

214 1618 306 1651 sunt
332 1610 373 1648 in
399 1609 577 1661 propriis,
599 1609 676 1648 nisi
702 1610 812 1660 quod
840 1622 927 1648 raro
956 1608 1113 1647 utimur.
1173 1610 1394 1649 Conlocata
1421 1618 1554 1651 autem

213 1676 334 1716 verba
372 1676 522 1715 habent
560 1682 755 1722 ornatum,
791 1674 824 1713 si
860 1673 1012 1725 aliquid
1050 1673 1329 1714 concinnitatis
1366 1675 1554 1725 efficiunt,

214 1743 326 1793 quod
351 1740 481 1780 verbis
509 1739 670 1779 mutatis
699 1753 782 1779 non
812 1747 971 1779 maneat
997 1747 1184 1779 manente
1210 1740 1430 1791 sententia3
1462 1756 1555 1781 nam

214 1806 499 1846 sententiarum
533 1813 767 1845 ornamenta
803 1819 906 1857 quae
938 1813 1184 1856 permanent,
1219 1805 1339 1845 etiam
1372 1806 1405 1846 si
1437 1807 1557 1848 verba
1577 1823 1615 1855 25

216 1872 439 1920 mutaveris,
473 1879 564 1911 sunt
593 1871 659 1910 illa
687 1871 851 1923 quidem
881 1873 1087 1922 permulta,
1119 1873 1190 1911 sed
1221 1885 1323 1923 quae
1356 1872 1558 1913 emineant

216 1951 414 1988 paneiora.

273 2004 379 2053 Ergo
398 2002 463 2041 ille
484 2001 614 2041 tenuis
641 2009 782 2050 orator,
805 2003 928 2041 modo
948 2001 998 2040 sit
1017 2003 1187 2053 elegans,
1209 2015 1284 2041 nec
1304 2001 1346 2041 in
1365 2001 1557 2043 faciendis

265 2117 301 2138 11
328 2111 470 2138 ornatus
487 2106 516 2137 L
532 2117 540 2138 ε
564 2110 802 2138 ornamentum
830 2105 952 2137 Tulich.
971 2104 1160 2137 Lambinus
1179 2109 1232 2138 etc.
1249 2117 1257 2137 ε
1280 2111 1448 2138 moratum
1468 2106 1560 2138 Bake

221 2161 259 2190 13
283 2161 322 2182 ac
346 2151 434 2190 quod
458 2149 643 2181 Friedrich:
666 2149 770 2189 idque
794 2149 928 2181 Moser:
959 2154 1062 2190 atque
1085 2148 1115 2179 L
1204 2155 1340 2181 oratore
1365 2150 1418 2181 L:
1441 2155 1558 2182 orator

219 2194 342 2226 maluit
355 2193 536 2225 Manutius
619 2194 670 2231 16,
685 2203 723 2233 17
740 2203 812 2225 orn.
826 2198 939 2224 autem
951 2193 1131 2225 verborum
1143 2193 1271 2233 duplex
1280 2194 1370 2236 vulg.
1387 2205 1396 2226 ε
1416 2199 1558 2226 ornatus

219 2243 333 2269 autem
351 2238 478 2278 duplex
494 2236 525 2267 L
543 2249 550 2269 :
572 2237 754 2268 verborum
772 2247 846 2268 orn.
864 2242 977 2269 autem
995 2237 1122 2278 duplex
1138 2236 1264 2277 Stangl
1446 2239 1495 2278 18,
1517 2248 1557 2278 19

219 2286 319 2313 sonat
335 2305 343 2313 .
363 2305 370 2313 .
387 2305 394 2312 .
414 2281 579 2321 explanat
595 2279 625 2310 L
642 2293 649 2312 :
671 2286 797 2312 sonant
814 2304 823 2312 .
840 2304 848 2312 .
867 2305 875 2312 .
894 2281 1082 2320 explanant
1098 2280 1187 2312 codd.
1208 2281 1282 2313 dett.
1387 2291 1436 2322 19,
1456 2291 1500 2313 20
1523 2287 1558 2314 et

219 2325 345 2356 factum
373 2323 519 2356 Schu'tz:
551 2329 609 2355 aut
636 2325 760 2356 factum
787 2323 841 2356 L:
872 2335 911 2356 ac
937 2329 1107 2365 sumptum
1132 2323 1323 2356 Lambinus
1453 2335 1497 2356 20
1518 2335 1558 2357 ac

220 2378 343 2400 novum
362 2367 508 2399 Schutz:
535 2373 593 2399 aut
609 2379 734 2399 novum
753 2368 781 2399 L
797 2379 804 2399 ε
825 2372 862 2399 ut
877 2378 1003 2400 novum
1019 2366 1211 2399 Lambinus
1352 2378 1391 2399 21
1418 2368 1557 2401 inusita-

218 2417 292 2445 tum
308 2435 315 2443 .
336 2435 344 2444 .
365 2434 374 2444 .
393 2412 554 2443 inusitata
568 2411 657 2444 codd.
672 2411 745 2444 dett.
765 2423 773 2443 :
796 2412 875 2444 usit.
893 2436 900 2444 .
917 2435 925 2445 .
947 2436 954 2444 .
971 2412 1049 2444 usit.
1071 2411 1102 2442 L

1672 2606 1689 2687 swa-.—
