1696 2730
190 155 241 195 55
264 153 325 193 183
611 147 670 185 M.
710 146 882 184 TVLLI
921 145 1232 186 CICERONIS

259 255 412 296 notatio
438 263 602 296 naturae
621 263 660 296 et
679 255 970 296 animadversio
990 255 1142 307 peperit
1161 263 1296 294 artem.
1357 255 1436 295 Sed
1456 254 1497 294 in
1516 268 1597 295 ver-

261 322 370 361 sibus
390 336 451 361 res
471 329 530 361 est
550 321 731 373 apertior,
753 335 998 372 quamquam
1022 321 1141 360 etiam
1161 335 1185 360 a
1205 320 1335 360 modis
1356 320 1596 371 quibusdam

261 395 381 427 cantu
409 395 563 427 remoto
592 389 722 426 soluta
750 401 836 426 esse
864 387 1020 426 videtur
1048 386 1173 426 oratio
1207 385 1458 437 maximeque
1486 385 1529 426 id
1557 385 1597 424 in

260 452 414 503 optimo
444 465 605 503 quoque
634 465 771 491 eorum
801 459 1008 503 poetarum
1035 451 1104 502 qui
1130 453 1275 503 λυρικοὶ
1297 465 1320 490 a
1344 451 1505 491 Graecis
1531 464 1599 491 no-

261 518 472 566 minantur,
496 531 597 569 quos
621 531 713 556 cum
740 525 859 557 cantu
886 517 1125 569 spoliaveris,
1147 519 1257 557 nuda
1275 531 1402 569 paene
1421 523 1599 557 remanet
1618 533 1636 566 5

181 589 243 630 184
261 583 397 622 oratio.
457 585 639 633 Quorum
663 583 806 622 similia
829 591 921 622 sunt
941 585 1139 635 quaedam
1159 583 1279 622 etiam
1298 584 1406 634 apud
1429 589 1601 631 nostros,

260 648 368 686 velut
388 646 454 684 illa
473 646 514 684 in
529 648 704 697 Thyeste
721 662 728 686 :

379 725 595 762 quemnam
625 719 664 751 te
692 725 779 751 esse
808 712 969 751 dicam?
1007 711 1075 763 qui
1103 713 1215 751 tarda
1242 711 1284 750 in
1313 719 1473 751 senecta

263 786 302 817 et
331 791 433 828 quae
468 785 712 828 sequuntur3
751 791 863 828 quae,
891 777 966 816 nisi
997 791 1089 816 cum
1124 777 1273 816 tibicen
1306 776 1484 825 accessit,
1519 790 1601 816 ora-

261 843 380 882 tionis
401 850 493 882 sunt
512 845 664 882 solutae
684 843 893 882 simillima.
942 845 996 882 At
1016 843 1262 882 comicorum
1281 842 1424 882 senarii
1442 850 1602 894 propter
1621 857 1661 880 10

263 909 564 948 similitudinem
591 908 784 948 sermonis
809 908 865 947 sic
892 922 1010 960 saepe
1036 916 1128 947 sunt
1147 908 1303 957 abiecti,
1325 915 1368 947 ut
1388 921 1470 947 non
1489 922 1602 947 num-

263 988 384 1025 quam
413 974 477 1012 vix
505 974 546 1013 in
576 974 631 1013 eis
660 988 849 1013 numerus
881 982 919 1013 et
948 988 1081 1013 versus
1110 973 1284 1024 intellegi
1313 973 1448 1025 possit.
1507 974 1601 1023 Quo

264 1048 323 1079 est
345 1041 397 1079 ad
424 1039 709 1079 inveniendum
734 1040 930 1079 difficilior
948 1040 989 1079 in
1013 1040 1192 1080 oratione
1211 1053 1399 1079 numerus
1419 1053 1540 1090 quam
1560 1039 1601 1078 in

183 1113 244 1152 185
265 1105 453 1144 versibus.
522 1105 702 1146 Omnino
743 1107 825 1145 duo
868 1114 960 1145 sunt
994 1119 1097 1156 quae
1140 1105 1330 1145 condiant
1368 1104 1600 1151 orationem,

264 1172 475 1210 verborum
495 1184 833 1222 numerorumque
853 1171 1089 1211 iucunditas.
1149 1173 1198 1210 In
1218 1170 1348 1210 verbis
1367 1170 1471 1209 inest
1490 1168 1603 1221 quasi
1626 1181 1667 1214 15·
1693 1196 1696 1200 f

265 1236 429 1276 materia
466 1238 675 1287 quaedam,
717 1236 758 1275 in
797 1251 964 1277 numero
1005 1244 1139 1276 autem
1180 1235 1378 1287 expolitio.
1442 1237 1522 1275 Sed
1560 1242 1604 1275 ut

265 1302 404 1342 ceteris
434 1302 474 1340 in
504 1303 621 1341 rebus
651 1302 897 1342 necessitatis
924 1302 1085 1342 inventa
1112 1301 1337 1353 antiquiora
1364 1309 1456 1341 sunt
1482 1315 1603 1352 quam

186 1380 246 1411 186
265 1366 506 1420 voluptatis[.
572 1369 714 1418 Itaque
751 1375 791 1407 et
826 1369 1061 1407 Herodotus
1100 1375 1139 1407 et
1172 1369 1313 1407 eadem
1347 1367 1604 1419 superiorque

264 1441 372 1473 aetas
411 1447 578 1472 numero
617 1433 741 1472 caruit
779 1433 854 1472 nisi
888 1436 1050 1484 quando
1088 1441 1236 1473 temere
1274 1447 1321 1473 ac
1358 1433 1530 1481 fortuito,
1564 1441 1603 1473 et

265 1499 473 1550 scriptores
500 1506 722 1550 perveteres
748 1500 800 1538 de
829 1513 997 1539 numero
1023 1499 1121 1538 nihil
1147 1499 1327 1548 omnino,
1347 1500 1398 1538 de
1424 1499 1603 1539 oratione
1623 1508 1665 1531 20

265 1571 476 1616 praecepta
503 1565 629 1603 multa
657 1564 773 1603 nobis
800 1563 1222 1617 reliquerunt.]——nam
1250 1565 1361 1615 quod
1387 1571 1426 1603 et
1451 1562 1604 1603 facilius

193 1635 248 1683 56
266 1638 325 1669 est
354 1637 392 1669 et
421 1629 546 1680 magis
575 1629 852 1678 necessarium,
875 1629 917 1669 id
941 1643 1097 1681 semper
1122 1637 1215 1668 ante
1243 1628 1606 1680 cognoscitur—ita

266 1696 453 1734 translata
480 1702 548 1733 aut
573 1696 677 1734 facta
704 1702 773 1734 aut
799 1695 1013 1734 coniuncta
1032 1696 1152 1735 verba
1180 1695 1294 1734 facile
1323 1702 1415 1734 sunt
1434 1693 1603 1745 cognita,

268 1761 362 1811 quia
400 1761 659 1800 sumebantur
697 1774 719 1800 e
757 1761 1049 1800 consuetudine
1089 1760 1372 1811 cotidianoque
1409 1773 1603 1817 sermone.

268 1828 470 1865 Numerus
503 1834 637 1865 autem
667 1840 750 1865 non
779 1828 903 1866 domo
932 1826 1242 1877 depromebatur
1270 1839 1402 1876 neque
1431 1825 1607 1864 habebat
1626 1834 1666 1867 25

265 1891 440 1942 aliquam
479 1891 817 1931 necessitudinem
854 1899 923 1931 aut
961 1891 1241 1943 cognationem
1285 1905 1377 1930 cum
1415 1889 1604 1930 oratione.

267 1959 410 2007 Itaque
438 1957 560 1996 serius
588 1957 793 2008 aliquanto
819 1964 979 1997 notatus
1006 1965 1045 1996 et
1065 1957 1246 2008 cognitus
1271 1956 1384 2007 quasi
1403 1957 1605 2007 quandam

187 2028 246 2068 187
266 2024 501 2074 palaestram
522 2030 560 2062 et
580 2030 754 2062 extrema
773 2022 1005 2062 liniamenta
1031 2022 1200 2062 orationi
1226 2021 1366 2061 attulit.
1426 2022 1549 2072 Quod
1575 2021 1607 2060 si

310 2137 330 2167 3
354 2127 488 2158 videtur
504 2127 592 2168 vulg.
612 2139 619 2159 :
643 2128 802 2159 videatur
818 2125 885 2157 AL
1030 2136 1049 2166 5
1075 2137 1160 2167 quos
1175 2125 1228 2158 L:
1252 2136 1311 2157 eos
1327 2125 1360 2156 A
1503 2127 1525 2156 6
1547 2135 1607 2157 no-

267 2176 358 2202 stros
376 2171 405 2201 L
423 2182 430 2202 :
454 2171 532 2202 illos
547 2171 580 2202 A
687 2172 708 2201 8
732 2175 873 2202 senecta
889 2171 993 2202 Bothe
1008 2182 1016 2202 2
1039 2175 1218 2202 senectute
1233 2170 1302 2201 AL
1409 2179 1448 2201 12
1472 2179 1539 2210 quo
1554 2168 1585 2200 L
1600 2181 1607 2201 :

265 2215 358 2254 quod
371 2214 404 2245 A
474 2226 541 2255 quo
557 2240 565 2248 .
578 2238 587 2247 .
602 2239 610 2246 .
625 2215 783 2246 versibus
799 2225 865 2246 om.
883 2215 1003 2253 m,secl.
1017 2214 1143 2255 Stangl
1229 2223 1268 2253 13
1290 2224 1388 2254 quam
1406 2214 1441 2245 in
1454 2213 1608 2245 versibus

265 2260 334 2290 secl.
347 2259 443 2298 Jahn
548 2259 587 2290 18
611 2259 731 2299 Itaque
748 2282 755 2290 .
775 2283 783 2290 .
803 2282 811 2290 .
830 2259 1041 2298 reliquerunt
1055 2259 1124 2289 secl.
1141 2258 1267 2299 Stangl
1373 2267 1412 2297 19
1428 2258 1538 2289 caruit
1554 2257 1583 2288 L
1599 2269 1606 2288 ε

267 2302 394 2342 placuit
410 2302 442 2332 A
535 2303 675 2334 fortuito
696 2302 820 2334 accidit
835 2302 1022 2343 Heerdegen
1154 2312 1197 2333 22
1221 2311 1358 2341 semper
1372 2299 1402 2331 L
1418 2312 1425 2332 :
1449 2300 1556 2332 semel
1571 2300 1605 2331 A

267 2355 309 2385 23
334 2346 446 2377 iuncta
462 2344 492 2376 L
728 2356 769 2386 25
795 2347 895 2377 domo
910 2347 1000 2388 vulg.
1016 2357 1023 2378 :
1048 2346 1150 2377 modo
1166 2344 1233 2376 AL
1249 2357 1257 2377 z
1281 2345 1323 2376 de
1340 2344 1453 2377 medio
1468 2344 1611 2376 Stroebel

268 2391 311 2419 28
335 2394 490 2420 extrema
506 2389 572 2420 AL
591 2401 598 2421 :
623 2394 768 2421 externa
783 2389 949 2421 Friedrich
