1696 2730
171 137 207 176 ‘6
227 152 268 183 30
579 137 638 175 M.
677 134 847 175 TVLLI
888 136 1198 177 CICERONIS

180 256 204 295 7
225 248 351 289 umeri
381 262 523 288 manus
556 250 678 288 latera
715 263 827 289 crura
860 250 983 300 pedes
1016 257 1055 288 et
1088 256 1219 289 cetera
1232 263 1243 298 3
1284 247 1326 287 in
1363 247 1559 289 divisione

223 316 387 364 formae,
416 328 515 366 quas
545 314 687 354 Graeci
716 315 794 366 εἴδη
822 322 977 362 vocant,
1009 314 1144 363 nostri,
1175 314 1207 353 si
1237 313 1305 365 qui
1334 315 1434 354 haec
1458 315 1559 354 forte

223 387 402 428 tractant,
439 380 592 431 species
625 382 840 432 appellant,
875 393 958 420 non
997 380 1169 431 pessime
1206 379 1248 419 id
1286 379 1450 431 quidem
1487 380 1559 420 sed

223 445 412 485 inutiliter
430 447 483 485 ad
512 447 726 486 mutandos
753 459 868 485 casus
894 439 934 484 in
962 445 1146 485 dicendo.
1207 445 1344 484 Nolim
1368 445 1489 495 enim,
1509 458 1560 485 ne

223 511 255 550 si
276 512 418 551 Latine
439 511 602 563 quidem
624 512 704 552 dici
723 511 859 563 possit,
878 511 1100 562 specierum
1115 519 1154 551 et
1174 511 1384 563 speciebus
1404 511 1536 551 dicere
1549 525 1560 560 3
1579 522 1598 554 5

222 584 261 616 et
290 591 409 629 saepe
438 577 498 617 his
529 577 685 618 casibus
714 578 910 617 utendum
939 584 1023 626 est;
1051 584 1091 616 at
1116 577 1253 616 formis
1280 584 1319 616 et
1344 578 1560 616 formarum

221 643 353 682 velim.
412 644 517 683 Cum
543 651 677 683 autem
707 651 876 694 utroque
901 643 1023 682 verbo
1047 642 1155 682 idem
1182 642 1433 694 significetur,
1455 655 1562 682 com-

163 722 199 755 3¹
222 708 457 748 moditatem
487 708 528 747 in
557 709 731 748 dicendo
760 722 843 748 non
868 707 1035 747 arbitror
1062 709 1363 759 neglegendam.
1421 709 1560 747 Genus

222 781 261 813 et
280 775 448 813 formam
469 774 666 813 definiunt
692 775 770 813 hoc
796 774 944 813 modo:
975 775 1113 813 Genus
1135 781 1194 812 est
1221 772 1332 812 notio
1360 774 1413 812 ad
1438 772 1560 824 pluris

222 839 463 879 differentias
489 839 691 891 pertinens
706 854 717 888 3
744 841 871 879 forma
896 846 955 878 est
984 838 1096 878 notio
1123 838 1235 878 cuius
1261 838 1483 879 differentia
1507 840 1560 879 ad
1581 851 1622 873 10
1689 850 1691 852 ·

222 912 342 956 caput
379 904 532 956 generis
564 912 602 944 et
636 904 750 955 quasi
782 906 934 943 fontem
968 904 1100 944 referri
1137 912 1279 956 potest.
1339 905 1559 944 Notionem

221 971 380 1021 appello
414 971 525 1021 quod
560 970 703 1010 Graeci
736 978 822 1009 tum
855 971 997 1013 ἔννοιαν
1029 978 1114 1009 tum
1147 971 1351 1022 πρόληψιν.
1409 972 1468 1010 Ea
1501 978 1562 1010 est

222 1034 340 1074 insita
374 1042 413 1074 et
446 1035 582 1074 animo
613 1043 826 1087 praecepta
864 1036 1057 1087 cuiusque
1095 1035 1270 1087 cognitio
1308 1035 1561 1076 enodationis

220 1101 414 1151 indigens.
475 1103 643 1140 Formae
676 1109 768 1140 sunt
807 1100 957 1155 [igitur]
992 1115 1063 1140 eae
1100 1101 1141 1140 in
1180 1115 1278 1152 quas
1315 1115 1440 1152 genus
1474 1101 1560 1141 sine

222 1167 338 1206 ullius
370 1167 716 1218 praetermissione
749 1167 963 1217 dividitur3
1002 1175 1046 1207 ut
1076 1167 1109 1206 si
1143 1167 1231 1218 quis
1261 1167 1322 1207 ius
1355 1167 1397 1206 in
1429 1169 1620 1220 legem15

222 1245 374 1272 morem
413 1232 655 1284 aequitatem
685 1233 847 1273 dividat.
907 1235 1072 1273 Formas
1099 1233 1168 1284 qui
1193 1241 1307 1284 putat
1332 1233 1440 1273 idem
1473 1247 1560 1274 esse

223 1299 333 1349 quod
362 1298 494 1349 partis,
522 1299 734 1338 confundit
762 1307 886 1339 artem
916 1307 955 1339 et
984 1299 1243 1338 similitudine
1269 1301 1444 1350 quadam
1469 1313 1563 1339 con-

222 1364 403 1403 turbatus
433 1378 516 1403 non
548 1364 641 1403 satis
669 1372 785 1404 acute
816 1378 919 1415 quae
948 1372 1040 1403 sunt
1070 1366 1314 1404 secernenda
1342 1364 1559 1415 distinguit.

162 1444 203 1477 3²
224 1431 351 1480 Saepe
371 1429 489 1468 etiam
507 1429 702 1469 definiunt
718 1437 757 1469 et
772 1437 946 1469 oratores
967 1437 1005 1469 et
1021 1437 1163 1480 poetae
1177 1444 1247 1481 per
1261 1430 1560 1469 translationem

222 1494 331 1533 verbi
370 1508 417 1533 ex
452 1494 710 1534 similitudine
743 1509 835 1534 cum
873 1494 1007 1546 aliqua
1040 1495 1243 1534 suavitate.
1321 1496 1400 1534 Sed
1434 1508 1508 1546 ego
1538 1509 1562 1534 a
1581 1513 1623 1536 20
1690 1503 1696 1538 :³

221 1559 358 1598 vestris
397 1560 588 1610 exemplis
626 1560 701 1598 nisi
740 1560 963 1599 necessario
1002 1574 1084 1599 non
1126 1561 1321 1599 recedam.
1399 1561 1562 1599 Solebat

221 1624 337 1675 igitur
357 1624 543 1675 Aquilius
563 1627 730 1676 conlega
749 1633 788 1665 et
812 1625 1013 1665 familiaris
1042 1639 1166 1674 meus,
1189 1639 1280 1664 cum
1301 1626 1352 1665 de
1380 1624 1561 1665 litoribus

220 1697 410 1741 ageretur,
442 1704 545 1740 quae
574 1690 710 1730 omnia
738 1690 900 1742 publica
928 1705 1014 1731 esse
1040 1690 1168 1738 vultis,
1198 1690 1479 1742 quaerentibus
1505 1690 1562 1730 eis

222 1769 322 1805 quos
356 1756 408 1794 ad
439 1755 479 1794 id
511 1755 746 1806 pertinebat,
783 1756 880 1807 quid
912 1765 1015 1796 esset
1049 1757 1152 1804 litus,
1187 1756 1242 1795 ita
1274 1755 1450 1804 definire,
1481 1769 1562 1807 qua

222 1822 364 1860 fluctus
394 1822 572 1860 eluderet
587 1836 597 1870 ς
630 1823 708 1861 hoc
737 1829 807 1870 est,
839 1822 953 1872 quasi
982 1821 1050 1873 qui
1079 1821 1392 1861 adulescentiam
1421 1822 1560 1861 florem
1580 1837 1619 1871 ²5

220 1886 371 1935 aetatis,
390 1894 637 1926 senectutem
658 1901 845 1926 occasum
861 1887 963 1927 vitae
983 1887 1077 1927 velit
1092 1886 1257 1927 definire
1271 1901 1282 1936 5
1305 1886 1561 1927 translatione

223 1951 330 1991 enim
368 1959 484 1991 utens
522 1952 755 1992 discedebat
793 1967 816 1992 a
853 1953 982 1993 verbis
1016 1952 1182 2005 propriis
1215 1966 1344 1992 rerum
1382 1966 1430 1992 ac
1467 1952 1558 1993 suis.

181 2026 205 2063 8
225 2018 348 2067 Quod
367 2018 419 2056 ad
440 2018 693 2058 definitiones
713 2018 866 2067 attinet,
889 2020 1082 2058 hactenus
1096 2033 1106 2067 ;
1136 2017 1286 2069 reliqua
1305 2017 1539 2071 videamus!

164 2095 205 2127 33
279 2082 494 2122 Partitione
525 2091 609 2122 tum
644 2084 699 2123 sic
733 2085 928 2123 utendum
962 2092 1032 2133 est,
1065 2085 1215 2123 nullam
1246 2091 1290 2123 ut
1322 2091 1474 2135 partem
1504 2098 1562 2124 re—

222 2147 378 2199 linquas
393 2163 404 2197 3
444 2156 499 2196 ut,
539 2148 571 2187 si
610 2149 743 2200 partiri
775 2149 872 2189 velis
911 2151 1063 2198 tutelas,
1104 2149 1317 2189 inscienter
1353 2148 1486 2198 facias,
1526 2149 1559 2189 si
1578 2163 1620 2195 30

223 2215 343 2252 ullam
377 2213 676 2265 praetermittas.
735 2218 790 2254 At
824 2215 856 2254 si
887 2215 1188 2266 stipulationum
1218 2222 1287 2254 aut
1319 2214 1558 2255 iudiciorum

268 2327 307 2357 13
329 2319 444 2350 animo
456 2317 644 2352 Hammer:
673 2325 753 2352 ante
769 2320 879 2354 codd.:
902 2331 970 2353 om.
987 2331 1052 2353 non
1069 2319 1157 2352 nulli
1221 2325 1406 2361 praecepta
1412 2321 1445 2360 f
1448 2332 1456 2352 :
1481 2330 1559 2361 per-

221 2366 320 2401 cepta
335 2361 425 2393 codd.
532 2373 570 2402 14
596 2363 700 2403 igitur
714 2365 783 2396 secl.
806 2364 926 2396 Orelli:
950 2375 1017 2398 om.
1033 2365 1065 2404 s
1160 2375 1200 2405 19
1223 2375 1286 2405 per
1301 2364 1559 2397 translationem

223 2404 303 2444 Oes:
326 2406 507 2438 tralatione
523 2406 666 2439 A²abcL
801 2419 842 2449 24
867 2409 910 2440 ad
928 2418 1013 2449 quos
1032 2408 1085 2449 Of
