1630 2730
92 151 146 199 67

86 837 151 871 239

94 1657 157 1690 240

170 156 233 197 ²38
526 149 584 187 M.
625 147 797 186 TVLLI
837 146 1147 188 CICERONIS

166 275 308 314 mores,
346 261 378 302 si
411 262 542 301 vultus
581 260 756 312 denique
794 273 877 300 non
916 273 1079 299 omnem
1116 257 1509 299 commendationem

166 329 301 380 ingeni
334 335 535 376 everteret,
570 327 697 366 maius
736 340 885 366 nomen
923 325 965 365 in
995 325 1171 377 patronis
1207 324 1355 364 fuisset.
1415 326 1511 364 Non

166 404 250 436 erat
281 396 504 443 abundans,
537 408 620 434 non
650 393 766 445 inops
798 401 957 442 tamen3
995 406 1075 432 non
1108 393 1224 431 valde
1255 391 1396 439 nitens,
1429 404 1511 431 non

166 464 284 514 plane
305 461 463 501 horrida
483 460 609 501 oratio
623 475 634 509 3
663 474 739 499 vox
758 459 891 511 gestus
912 466 951 499 et
971 458 1101 498 omnis
1123 457 1228 497 actio
1248 456 1333 496 sine
1353 458 1487 508 lepore
1502 471 1512 506 ;

166 535 207 567 at
226 528 267 566 in
291 526 542 567 inveniendis
568 525 941 577 componendisque
967 525 1084 564 rebus
1112 523 1211 562 mira
1236 522 1447 571 accuratio,
1469 530 1513 562 ut
1533 531 1550 563 5

167 608 250 634 non
285 593 399 633 facile
430 592 471 631 in
505 594 587 632 ullo
617 591 906 642 diligentiorem
942 590 1214 640 maioremque
1244 587 1509 640 cognoverim,

169 661 241 700 sed
279 673 367 699 eam
405 666 449 699 ut
482 658 597 698 citius
631 657 904 697 veteratoriam
945 670 1066 708 quam
1103 654 1314 695 oratoriam
1348 654 1510 694 diceres.

172 726 254 765 Hic
293 725 366 766 etsi
403 725 522 765 etiam
562 725 603 763 in
642 723 812 775 publicis
850 722 979 762 causis
1016 722 1269 773 probabatur,
1306 728 1440 760 tamen
1473 720 1513 759 in

171 791 332 843 privatis
374 791 640 831 inlustriorem
684 789 892 829 obtinebat
929 790 1074 828 locum.
1148 788 1193 827 C.
1234 786 1382 826 deinde
1421 786 1514 826 Piso

171 858 352 898 statarius
391 866 430 897 et
469 857 662 897 sermonis
693 858 835 906 plenus
870 862 1011 902 orator,
1045 853 1210 892 minime
1247 853 1312 892 ille
1350 852 1514 904 quidem
1537 867 1574 890 10

170 925 305 963 tardus
338 923 380 962 in
410 922 685 973 excogitando,
710 934 846 960 verum
880 927 1015 959 tamen
1045 921 1156 958 vultu
1190 926 1230 958 et
1263 918 1515 958 simulatione

171 991 298 1028 multo
318 988 438 1028 etiam
458 987 610 1027 acutior
629 1001 750 1038 quam
770 993 852 1026 erat
866 986 1085 1025 videbatur.
1144 986 1250 1024 Nam
1270 984 1354 1024 eius
1373 998 1516 1036 aequa-

170 1057 249 1094 lem
285 1056 354 1093 M'.
391 1053 650 1093 Glabrionem
686 1053 789 1092 bene
827 1051 1052 1091 institutum
1091 1050 1154 1089 avi
1187 1051 1401 1090 Scaevolae
1432 1049 1517 1090 dili-

170 1120 304 1171 gentia
324 1132 457 1158 socors
477 1118 600 1170 ipsius
621 1125 760 1157 natura
778 1119 1072 1169 neglegensque
1091 1117 1323 1156 tardaverat.
1382 1115 1514 1155 Etiam

172 1189 218 1225 L.
235 1188 463 1237 Torquatus
488 1186 646 1235 elegans
673 1183 714 1222 in
735 1183 920 1231 dicendo,
942 1182 983 1222 in
1003 1182 1268 1222 existimando
1293 1182 1514 1221 admodum
1537 1194 1573 1226 15

173 1253 359 1303 prudens,
390 1258 476 1290 toto
513 1264 656 1301 genere
690 1250 946 1301 perurbanus.
1012 1250 1130 1288 Meus
1167 1255 1302 1287 autem
1340 1246 1515 1298 aequalis

174 1319 248 1358 Cn.
272 1316 488 1366 Pompeius
507 1315 564 1354 vir
584 1317 635 1354 ad
662 1315 798 1355 omnia
824 1328 979 1353 summa
1003 1322 1118 1353 natus
1145 1313 1336 1352 maiorem
1355 1312 1517 1352 dicendi

173 1382 338 1434 gloriam
376 1381 592 1429 habuisset,
627 1380 702 1420 nisi
740 1394 831 1420 eum
866 1379 1024 1419 maioris
1057 1379 1203 1430 gloriae
1236 1378 1432 1430 cupiditas
1465 1379 1518 1418 ad

174 1448 336 1488 bellicas
369 1449 506 1487 laudes
541 1447 803 1486 abstraxisset.
868 1448 962 1485 Erat
1001 1445 1179 1485 oratione
1217 1444 1310 1484 satis
1348 1445 1515 1495 amplus,

174 1525 258 1550 rem
286 1512 501 1562 prudenter
520 1510 706 1558 videbat3
736 1509 840 1549 actio
867 1522 961 1549 vero
988 1508 1072 1548 eius
1099 1508 1273 1548 habebat
1297 1516 1336 1547 et
1359 1507 1400 1546 in
1419 1519 1518 1546 voce
1539 1521 1579 1543 20

177 1590 366 1627 magnum
410 1577 663 1628 splendorem
711 1583 750 1615 et
791 1575 832 1614 in
876 1583 988 1614 motu
1032 1587 1229 1613 summam
1271 1573 1516 1625 dignitatem.

178 1644 325 1682 Noster
357 1642 453 1682 item
490 1641 667 1693 aequalis
708 1643 757 1680 D.
794 1641 950 1681 Silanus
984 1639 1142 1679 vitricus
1181 1647 1272 1679 tuus
1310 1638 1417 1679 studi
1454 1637 1518 1678 ille

176 1708 340 1759 quidem
361 1707 501 1747 habuit
527 1720 610 1746 non
634 1709 804 1746 multum
834 1708 905 1746 sed
929 1705 1124 1746 acuminis
1145 1712 1184 1744 et
1204 1704 1393 1745 orationis
1412 1703 1517 1743 satis.

178 1775 229 1823 Q.
253 1773 468 1825 Pompeius
489 1775 536 1812 A.
560 1775 616 1821 F„
634 1773 703 1824 qui
724 1772 957 1823 Bithynicus
977 1771 1107 1811 dictus
1127 1778 1197 1819 est,
1214 1770 1379 1810 biennio
1398 1783 1518 1821 quam

177 1853 251 1878 nos
289 1840 454 1878 fortasse
489 1838 622 1886 maior,
655 1852 813 1878 summo
844 1838 977 1877 studio
1006 1836 1187 1876 discendi
1217 1837 1422 1886 multaque
1452 1837 1521 1875 do·
1541 1845 1579 1878 25

178 1904 313 1952 ctrina,
329 1904 551 1944 incredibili
570 1905 706 1944 labore
725 1911 845 1955 atque
860 1902 1073 1951 industria3
1092 1903 1202 1953 quod
1218 1901 1317 1942 scire
1331 1914 1496 1953 possum
1513 1916 1520 1941 :

178 1970 252 2008 fuit
286 1969 392 2008 enim
433 1983 591 2009 mecum
631 1978 670 2009 et
707 1984 799 2009 cum
836 1971 893 2009 M.
928 1969 1073 2008 Pisone
1107 1982 1199 2008 eum
1229 1966 1404 2007 amicitia
1435 1974 1521 2006 tum

1621 1161 1630 1670 -..--„..22....u..„=..-...v·›„*....‹...-2....‚ma-s.mm„
1627 1136 1630 1142 .
1627 1088 1630 1108 ..

133 2075 142 2084 ,
180 2035 320 2074 studiis
355 2035 782 2087 exercitationibusque
820 2035 1071 2075 coniunctus.
1130 2033 1264 2073 Huius
1300 2032 1406 2072 actio
1439 2046 1522 2072 non

97 2182 157 2215 24¹

181 2100 274 2140 satis
317 2102 627 2140 commendabat
667 2096 913 2150 orationem3
959 2101 1000 2139 in
1040 2101 1115 2140 hac
1155 2099 1262 2139 enim
1304 2098 1397 2138 satis
1440 2105 1522 2139 erat
1628 2151 1630 2153 ι

181 2166 332 2217 copiae,
366 2166 407 2205 in
441 2166 507 2205 illa
537 2175 671 2206 autem
706 2167 850 2218 leporis
884 2180 1035 2219 parum.
1099 2167 1195 2205 Erat
1228 2164 1313 2205 eius
1345 2163 1521 2215 aequalis
1542 2175 1584 2208 30
1626 2155 1630 2160 ’

182 2233 225 2270 P.
253 2231 470 2271 Autronius
499 2245 598 2272 voce
629 2240 816 2284 peracuta
843 2240 964 2283 atque
992 2245 1136 2283 magna
1163 2243 1239 2270 nec
1267 2229 1343 2269 alia
1373 2243 1415 2269 re
1443 2230 1523 2268 ulla

181 2297 409 2348 probabilis,
439 2305 478 2337 et
505 2299 549 2337 L.
584 2298 774 2338 Octavius
807 2300 1010 2345 Reatinus,
1043 2296 1111 2348 qui
1142 2310 1235 2336 cum
1269 2297 1412 2335 multas
1443 2294 1522 2334 iam
1626 2339 1630 2349 .

224 2411 244 2442 5
270 2402 442 2433 accuratio
461 2401 511 2433 L:
537 2412 616 2434 cura
632 2412 671 2433 ac
696 2403 780 2434 ratio
805 2400 949 2444 Madvig
1127 2411 1166 2442 13
1190 2400 1245 2432 aui
1270 2399 1380 2442 vulga:
1407 2403 1466 2432 aut
1491 2399 1520 2431 L
1620 2369 1630 2434 i

181 2455 223 2486 25
249 2446 403 2477 discendi
420 2445 630 2477 Lambinus:
656 2447 789 2478 dicendi
807 2446 836 2477 L
1620 2431 1630 2490 Ξ
