1630 2730
97 149 147 190 57
167 144 231 179 208
506 140 564 178 M.
594 139 765 177 TVLLI
796 137 1107 178 CICERONIS

83 529 145 561 209

83 1207 146 1229 210

86 1579 143 1601 211

86 2105 146 2126 212

165 251 327 292 interest
353 265 487 291 coram
507 251 641 291 videre
667 264 743 299 me,
766 264 886 301 quem
912 251 963 290 ad
991 251 1158 289 modum
1183 244 1505 289 adversarius'de

164 331 323 369 quaque
343 331 384 357 re
403 318 618 364 adseveret,
636 316 807 355 maxime
827 323 972 364 autem,
988 329 1108 366 quem
1128 316 1180 355 ad
1201 316 1367 355 modum
1388 328 1506 366 quae-

164 397 243 434 que
262 397 323 423 res
342 383 534 423 audiatur.
585 383 664 422 Sed
685 382 740 420 nil
759 381 938 421 vitiosius
959 394 1091 431 quam,
1107 394 1199 419 cum
1215 393 1341 419 unum
1361 393 1504 431 corpus

165 450 310 489 debeat
330 462 416 488 esse
437 447 690 496 defensionis,
707 447 816 486 nasci
836 448 887 486 de
907 446 1060 497 integro
1081 459 1254 494 causam,
1272 459 1364 485 cum
1384 445 1434 484 sit
1453 446 1505 485 ab

164 516 288 554 altero
308 522 499 565 perorata.
549 513 743 553 Omnium
760 512 866 552 enim
887 525 1096 552 causarum
1112 525 1237 550 unum
1253 518 1313 550 est
1328 512 1505 551 'naturale
1524 525 1542 558 5

164 579 414 631 principium,
447 593 527 618 una
559 578 780 630 peroratio,
821 578 996 629 reliquae
1025 585 1154 629 partes
1184 576 1298 627 quasi
1327 576 1507 616 membra

165 659 237 684 suo
258 659 440 697 quaeque
467 647 556 684 loco
580 646 710 684 locata
735 658 848 683 suam
875 651 915 683 et
934 643 1014 682 vim
1035 651 1073 682 et
1093 642 1327 694 dignitatem
1355 650 1502 682 tenent.

166 711 271 750 Cum
299 719 433 750 autem
468 711 627 750 difficile
659 711 708 750 sit
738 710 780 749 in
813 711 931 760 longa
962 709 1141 749 oratione
1175 722 1257 748 non
1288 708 1505 759 aliquando

165 775 316 827 aliquid
339 776 393 814 ita
413 776 544 816 dicere
565 783 608 814 ut
629 775 703 815 sibi
727 775 813 827 ipse
843 789 925 815 non
952 774 1174 821 conveniat,
1198 782 1349 825 quanto
1369 773 1506 813 diffici-

165 842 239 881 lius
266 856 414 889 cavere,
437 856 487 881 ne
511 842 608 893 quid
629 842 737 881 dicas
762 843 872 892 quod
891 855 974 880 non
994 840 1206 880 conveniat
1225 840 1310 879 eius
1337 839 1506 880 orationi
1529 852 1568 875 ιο

166 907 235 958 qui
262 915 355 947 ante
386 915 424 947 te
455 907 627 947 dixerit?
682 908 762 947 Sed
796 906 890 958 quia
919 914 959 946 et
991 907 1104 945 labor
1134 907 1261 945 multo
1292 905 1418 945 maior
1445 913 1505 945 est

165 981 290 1013 totam
319 987 480 1012 causam
507 986 627 1023 quam
654 980 806 1024 partem
833 972 965 1012 dicere
985 979 1024 1011 et
1044 971 1138 1022 quia
1163 973 1294 1023 plures
1319 971 1507 1010 ineuntur

164 1038 310 1089 gratiae
341 1038 373 1077 si
404 1052 486 1078 uno
520 1046 699 1089 tempore
738 1037 847 1077 dicas
885 1051 957 1089 pro
990 1036 1181 1089 pluribus,
1213 1036 1363 1077 idcirco
1401 1038 1505 1077 hanc

165 1104 498 1143 consuetudinem
527 1103 696 1143 libenter
723 1102 975 1142 adscivimus.

221 1171 344 1208 Erant
364 1177 498 1209 tamen
524 1169 670 1220 quibus
696 1169 894 1208 videretur
919 1168 1022 1207 illius
1048 1167 1188 1207 aetatis
1212 1168 1348 1208 tertius
1369 1168 1502 1216 Curio,
1526 1180 1565 1213 15

165 1235 259 1287 quia
278 1235 615 1286 splendidioribus
641 1237 806 1274 fortasse
825 1234 954 1274 verbis
981 1234 1166 1273 utebatur
1191 1241 1231 1274 et
1250 1234 1344 1285 quia
1364 1234 1506 1274 Latine

166 1315 247 1341 non
263 1301 434 1352 pessime
450 1301 700 1352 loquebatur,
713 1314 798 1348 usu,
814 1301 945 1348 eredo,
960 1300 1094 1350 aliquo
1115 1299 1347 1339 domestico.
1398 1301 1504 1339 Nam

166 1367 380 1407 litterarum
401 1368 623 1406 admodum
644 1366 742 1405 nihil
763 1365 913 1405 sciebat
927 1380 938 1415 3
967 1367 1038 1405 sed
1065 1365 1198 1416 magni
1221 1365 1384 1405 interest
1403 1379 1505 1417 quos

167 1432 336 1484 quisque
362 1432 498 1472 audiat
526 1432 674 1472 cotidie
700 1431 823 1480 domi,
846 1432 1083 1483 quibuscum
1115 1432 1301 1482 loquatur
1325 1445 1349 1471 a
1368 1445 1503 1483 puero,

167 1512 286 1550 quem
307 1500 359 1538 ad
380 1500 547 1538 modum
567 1506 707 1550 patres,
726 1497 956 1549 paedagogi,
977 1505 1119 1536 matres
1140 1497 1259 1537 etiam
1280 1499 1503 1549 loquantur.
1527 1518 1569 1540 20

167 1564 354 1615 Legimus
383 1564 570 1616 epistulas
601 1563 811 1604 Corneliae
846 1563 979 1602 matris
1010 1564 1306 1603 Gracchorum:
1344 1571 1507 1615 apparet

166 1630 268 1670 filios
289 1644 371 1670 non
391 1638 472 1669 tarn
493 1632 534 1669 in
554 1629 705 1680 gremio
725 1631 915 1669 educatos
937 1642 1057 1680 quam
1082 1628 1123 1667 in
1149 1643 1332 1669 sermone
1359 1629 1504 1669 matris.

167 1695 340 1735 Auditus
370 1703 429 1735 est
457 1694 574 1734 nobis
606 1694 764 1734 Laeliae
795 1695 839 1735 C.
873 1696 915 1733 F.
947 1708 1065 1745 saepe
1094 1708 1248 1734 sermo:
1278 1709 1370 1747 ergo
1398 1694 1507 1734 illam

167 1761 287 1813 patris
308 1761 503 1812 elegantia
522 1760 688 1800 tinctam
703 1760 875 1800 vidimus
895 1767 935 1799 et
955 1759 1053 1799 filias
1074 1759 1157 1799 eius
1179 1760 1335 1800 Mucias
1354 1762 1505 1811 ambas,

168 1841 335 1878 quarum
356 1840 485 1866 sermo
505 1826 604 1865 mihi
629 1826 703 1865 fuit
726 1834 855 1874 notuS,
878 1833 917 1865 et
943 1833 1082 1876 neptes
1103 1826 1287 1876 Licinias,
1309 1840 1407 1878 quas
1434 1840 1507 1866 nos
1529 1845 1544 1867 2
1550 1846 1568 1878 5

168 1892 331 1943 quidem
360 1893 510 1940 ambas,
533 1894 638 1931 hanc
657 1906 751 1931 vero
771 1891 969 1943 Scipionis
996 1891 1115 1931 etiam
1142 1899 1195 1940 tu,
1219 1894 1351 1941 Brute,
1373 1893 1505 1941 credo,

166 1958 383 2008 aliquando
402 1957 547 1996 audisti
567 1958 809 2008 loquentem.
865 1959 952 2008 Ego
967 1971 1060 1997 vero
1079 1971 1127 1996 ac
1146 1957 1314 1997 libenter
1329 1957 1505 2008 quidem,

168 2023 296 2074 inquit
330 2025 473 2061 Brutus
488 2037 498 2071 5
539 2031 578 2062 et
608 2037 656 2062 eo
690 2022 890 2071 libentius,
919 2024 1029 2074 quod
1059 2025 1102 2062 L.
1133 2023 1265 2063 Crassi
1295 2030 1377 2063 erat
1414 2023 1504 2063 filia.

170 2088 280 2138 Quid
301 2089 501 2136 Crassum,
523 2088 697 2139 inquam,
721 2088 833 2127 illum
859 2102 1009 2137 censes,
1031 2088 1143 2128 istius
1164 2088 1342 2128 Liciniae
1367 2087 1506 2137 filium,

171 2154 302 2194 Crassi
321 2162 560 2193 testamento
580 2154 648 2205 qui
669 2153 742 2193 fuit
761 2155 1003 2206 adoptatus?
1059 2156 1226 2194 Summo
1249 2154 1322 2194 iste
1343 2153 1506 2205 quidem
1528 2170 1569 2203 30

169 2220 312 2259 dicitur
324 2219 483 2270 ingenio
496 2219 626 2267 fuisse,
638 2219 767 2271 inquit
777 2235 787 2269 3
807 2228 846 2259 et
859 2234 952 2260 vero
968 2220 1032 2259 hic
1049 2219 1192 2272 Scipio,
1203 2221 1369 2271 conlega
1381 2233 1506 2268 meus,

169 2285 266 2324 mihi
293 2299 387 2324 sane
411 2286 514 2325 bene
541 2293 579 2325 et
606 2285 716 2337 loqui
736 2285 891 2325 videtur
909 2293 948 2326 et
969 2285 1110 2325 dicere.
1170 2287 1307 2333 Recte,
1329 2285 1506 2336 inquam,

211 2402 231 2422 2
254 2391 392 2422 maximi
407 2391 598 2422 Buttmann
740 2402 761 2431 9
785 2391 848 2422 sibi
865 2390 939 2431 ipse
957 2400 1026 2422 non
1043 2390 1224 2422 conveniat
1240 2389 1292 2422 L:
1315 2391 1379 2422 sibi
1395 2390 1506 2431 ipsum

169 2446 238 2466 non
256 2436 437 2466 conveniat
452 2434 643 2466 Lambinus
657 2447 664 2467 :
689 2435 748 2466 tibi
765 2435 839 2475 ipse
856 2445 925 2466 non
943 2435 1128 2466 convenias
1144 2434 1278 2466 Ernesti
1409 2445 1445 2466 11
1473 2438 1507 2466 te

169 2489 236 2510 om.
255 2478 326 2510 HG
459 2489 500 2510 22
524 2479 556 2509 in
575 2479 703 2519 gremio
719 2479 809 2520 vulg.
829 2490 836 2510 :
860 2478 993 2517 gremio
1009 2477 1039 2509 L
