1696 2730
120 153 175 197 50
199 153 261 188 166
548 150 606 188 M.
645 147 816 188 TVLLI
857 146 1169 190 CICERONIS

193 261 415 309 nominant,
445 275 535 300 cum
566 260 770 300 contrariis
800 267 1058 312 opponuntur
1085 259 1289 306 contraria7
1320 252 1538 299 numerum*

192 327 408 367 oratorium
445 327 680 367 necessitate
717 327 803 378 ipsa
839 327 1015 366 efficiunt
1051 326 1170 365 etiam
1210 326 1295 365 sine
1325 325 1527 365 industria.

111 394 173 437 167
194 395 289 433 Hoc
321 407 464 444 genere
497 393 649 444 antiqui
681 393 760 432 iam
790 400 883 432 ante
913 394 1128 431 Isocratem
1164 392 1462 431 delectabantur
1491 398 1530 431 et

193 459 364 499 maxime
384 459 561 511 Gorgias,
584 459 696 498 cuius
722 458 763 496 in
793 448 971 498 oratione
997 459 1232 508 plerumque
1258 457 1377 496 efficit
1396 471 1532 496 nume-

192 538 278 563 rum
299 524 385 575 ipsa
404 523 663 563 concinnitas.
725 524 810 562 Nos
830 522 950 561 etiam
970 521 1010 560 in
1031 522 1109 560 hoc
1128 535 1271 571 genere
1291 523 1529 572 frequentes,
1551 530 1568 564 5

192 597 235 629 ut
263 589 330 628 illa
358 597 450 637 sunt
478 589 518 627 in
548 596 689 639 quarto
717 587 1006 627 accusationis:
1042 588 1232 627 Conferte
1261 588 1365 626 hanc
1390 600 1531 637 pacem

192 669 283 694 cum
315 655 382 693 illo
413 655 530 702 bello,
564 654 682 693 huius
713 653 903 705 praetoris
936 654 1152 692 adventum
1192 666 1284 692 cum
1322 652 1426 691 illius
1463 651 1533 691 im-

191 720 380 772 peratoris
400 720 572 768 victoria,
596 719 714 758 huius
742 720 949 758 cohortem
976 718 1172 769 impuram
1193 731 1286 757 cum
1306 717 1409 756 illius
1429 731 1534 757 exer-

127 791 131 797 ²
191 783 271 823 citu
291 785 450 833 invicto,
474 785 592 824 huius
616 785 802 824 libidines
829 797 922 823 cum
948 783 1051 822 illius
1081 782 1353 822 continentia:
1391 783 1443 822 ab
1463 782 1531 822 illo

191 850 260 900 qui
293 850 398 901 cepit
432 850 624 898 conditam,
656 851 707 889 ab
736 851 814 889 hoc
843 849 912 900 qui
942 848 1178 887 constitutas
1211 847 1365 900 accepit
1395 858 1532 899 captas
1554 856 1593 879 10

191 916 332 955 dicetis
353 918 575 966 Syracusas,

109 985 170 1017 168
241 983 351 1032 Ergo
385 989 423 1020 et
456 981 497 1020 hi
527 981 681 1023 numeri
712 981 790 1020 sint
823 980 971 1031 cogniti
1009 987 1048 1019 et
1080 994 1206 1031 genus
1239 979 1338 1019 illud
1371 979 1530 1019 tertium

189 1047 405 1097 explicetur
433 1049 550 1099 quale
578 1047 638 1096 sit,
669 1060 905 1087 numerosae
934 1054 973 1085 et
1003 1053 1120 1096 aptae
1148 1045 1348 1085 orationis.
1408 1046 1531 1095 Quod

189 1112 257 1163 qui
296 1127 377 1152 non
416 1113 603 1161 sentiunt,
643 1126 741 1164 quas
785 1112 888 1152 auris
933 1112 1106 1150 habeant
1150 1118 1218 1150 aut
1255 1110 1353 1161 quid
1391 1110 1431 1149 in
1470 1110 1531 1150 his

189 1178 363 1218 hominis
393 1178 520 1218 simile
549 1178 598 1218 sit
626 1178 773 1217 nescio.
834 1179 953 1216 Meae
973 1176 1138 1227 quidem
1165 1184 1204 1216 et
1230 1178 1405 1228 perfecto
1425 1189 1532 1216 com-
1553 1188 1564 1210 ¹
1573 1186 1592 1220 5

188 1245 377 1294 pletoque
405 1245 616 1283 verborum
645 1243 799 1283 ambitu
828 1244 1004 1294 gaudent
1032 1250 1072 1281 et
1105 1249 1216 1281 curta
1246 1241 1422 1281 sentiunt
1455 1255 1532 1281 nec

188 1317 324 1348 amant
356 1309 631 1349 redundantia.
692 1309 802 1358 Quid
832 1308 924 1348 dico
958 1309 1099 1347 meas?
1157 1307 1378 1348 Contiones
1412 1321 1533 1358 saepe

188 1377 407 1414 exclamare
436 1375 529 1423 vidi,
554 1388 646 1414 cum
676 1382 768 1424 apte
797 1374 917 1413 verba
945 1373 1195 1412 cecidissent.
1255 1374 1305 1412 Id
1334 1372 1441 1412 enim
1471 1386 1533 1412 ex-

187 1447 369 1491 spectant
397 1453 521 1488 aures,
553 1447 596 1479 ut
625 1439 754 1479 verbis
783 1438 1002 1490 conligetur
1030 1438 1237 1478 sententia.
1299 1442 1308 1459 ‘
1325 1440 1420 1478 Non
1449 1446 1532 1478 erat

187 1507 265 1545 hoc
284 1507 391 1556 apud
411 1505 622 1556 antiquos!
679 1507 731 1544 Et
760 1504 923 1556 quidem
954 1503 1052 1542 nihil
1077 1503 1187 1542 aliud
1213 1505 1293 1543 fere
1320 1517 1403 1543 non
1423 1511 1505 1543 erat
1519 1518 1531 1553 3
1551 1524 1593 1547 20

188 1585 280 1610 narn
302 1578 341 1610 et
356 1572 476 1610 verba
495 1567 694 1622 eligebant
714 1578 753 1610 et
773 1570 990 1610 sententias
1010 1569 1136 1620 gravis
1157 1577 1196 1609 et
1216 1569 1346 1609 suavis
1366 1569 1532 1620 reperie-

106 1636 170 1680 169
188 1637 295 1684 bant,
318 1638 389 1676 sed
418 1650 484 1676 eas
513 1644 581 1675 aut
610 1636 837 1675 vinciebant
865 1643 934 1675 aut
961 1635 1174 1686 explebant
1197 1648 1348 1686 parum.
1411 1638 1420 1655 ‘
1436 1637 1531 1675 Hoc

188 1716 252 1742 me
285 1702 416 1753 ipsum
447 1703 640 1742 delectat'
674 1701 872 1753 inquiunt.
943 1700 1053 1751 Quid
1092 1700 1124 1739 si
1161 1700 1437 1751 antiquissima
1465 1700 1531 1740 illa

187 1768 340 1819 pictura
366 1781 585 1819 paucorum
615 1769 793 1807 colorum
824 1766 948 1817 magis
970 1779 1090 1817 quam
1120 1767 1219 1805 haec
1249 1765 1327 1804 iam
1356 1767 1531 1816 perfecta

187 1835 368 1882 delectet,
391 1834 457 1873 illa
486 1834 603 1874 nobis
633 1833 683 1873 sit
712 1834 832 1873 credo
862 1833 1088 1883 repetenda,
1115 1828 1215 1871 haec
1241 1830 1391 1871 scilicet
1418 1845 1531 1883 repu-
1550 1842 1588 1874 25

187 1899 358 1938 dianda!
417 1899 660 1939 Nominibus
679 1906 856 1938 veterum
884 1897 1108 1948 gloriantur.
1169 1896 1308 1935 Habet
1332 1903 1467 1936 autem
1486 1903 1530 1936 ut

141 1975 152 1980 ”
172 1964 227 2003 “in
258 1965 454 2004 aetatibus
492 1965 768 2004 auctoritatem
802 1971 998 2011 senectus,
1031 1962 1088 2002 sic
1126 1961 1167 2001 in
1205 1961 1396 2013 exemplis
1433 1961 1531 2002 anti-

187 2030 327 2080 quitas,
350 2044 452 2081 quae
473 2030 634 2081 quidem
656 2030 764 2081 apud
785 2043 849 2068 me
876 2029 1006 2080 ipsum
1027 2029 1130 2067 valet
1157 2026 1383 2078 plurimum.
1442 2028 1530 2066 Nec

187 2108 262 2145 ego
293 2095 333 2134 id
368 2097 477 2146 quod
508 2097 621 2150 deest
653 2094 879 2146 antiquitati
913 2093 1048 2145 flagito
1082 2093 1215 2144 potius
1249 2105 1369 2143 quam
1407 2093 1529 2132 laudo

187 2162 297 2211 quod
326 2168 409 2210 est;
442 2161 670 2212 praesertim
695 2174 787 2200 curn
816 2158 897 2214 [ea]
926 2159 1074 2198 maiora
1103 2158 1276 2197 iudicem
1306 2171 1409 2208 quae
1438 2153 1530 2197 sunt
1548 2166 1592 2198 30

187 2239 307 2276 quam
328 2227 394 2266 illa
423 2232 525 2278 quae
545 2228 700 2267 desunt.
762 2228 855 2265 Plus
882 2232 941 2265 est
970 2224 1078 2264 enim
1107 2223 1148 2262 in
1168 2222 1298 2262 verbis
1325 2230 1364 2262 et
1383 2222 1424 2262 in
1444 2237 1528 2263 sen-

186 2292 319 2331 tentiis
358 2292 465 2340 boni,
506 2292 651 2344 quibus
690 2292 745 2331 illi
783 2292 990 2338 excellunt,
1031 2290 1152 2341 quarn
1191 2288 1232 2327 in
1270 2287 1528 2328 conclusione

210 2379 212 2381 ι
230 2406 250 2426 2
274 2396 376 2426 etiam
393 2395 427 2425 A
445 2408 452 2427 :
477 2401 511 2428 et
527 2407 605 2427 eum
624 2396 652 2426 L
810 2406 849 2435 19
873 2394 1080 2434 colligentur
1094 2392 1287 2424 sententiae
1304 2390 1334 2422 L
1484 2402 1524 2424 21

186 2439 392 2479 effingebant
408 2439 441 2469 A
578 2450 619 2479 24
643 2449 745 2480 quem
758 2449 858 2480 quam
878 2438 999 2470 maluit
1013 2436 1139 2478 Stangl
1280 2445 1325 2476 30
1348 2445 1388 2467 ea
1404 2445 1470 2468 om.
1490 2436 1527 2468 Α

1682 375 1689 443 ..Α
1686 347 1688 356 ᾼ
1685 308 1689 322 ,.
