1696 2730
313 138 389 176 DE
419 138 641 178 OPTIMO
671 138 904 177 GENERE
933 137 1258 178 ORATORVM
1433 147 1458 188 7
1479 155 1520 178 20

123 255 167 287 ut
204 255 243 288 et
280 247 497 288 rationibus
538 261 621 288 non
658 247 788 287 relatis
825 261 973 287 corona
1009 249 1222 288 donaretur
1259 255 1297 288 et
1335 256 1378 288 ut
1415 249 1456 288 in

123 314 291 363 theatro,
312 321 351 353 et
379 314 489 365 quod
517 314 569 353 de
596 313 738 353 virtute
765 313 849 353 eius
878 320 918 353 et
946 313 1224 353 benevolentia
1248 315 1345 353 falsa
1368 314 1457 354 scri-

123 378 275 430 psisset,
305 393 396 418 cum
427 380 720 419 Demosthenes
753 392 828 419 nec
855 379 913 418 vir
941 379 1072 419 bonus
1105 386 1208 419 esset
1241 393 1315 418 nec
1353 379 1456 419 bene

125 443 286 483 meritus
316 445 368 483 de
397 443 565 484 civitate.
625 445 758 485 Causa
789 443 875 496 ipsa
910 445 1097 484 abhorret
1133 444 1199 483 illa
1236 444 1399 496 quidem
1433 458 1456 484 a

88 521 106 553 5
124 510 292 548 formula
328 509 628 549 consuetudinis
670 517 837 559 nostrae,
878 511 949 550 sed
993 517 1051 549 est
1092 523 1246 561 magna.
1319 510 1456 550 Habet

124 574 230 614 enim
259 582 299 614 et
326 576 456 626 legum
486 574 848 627 interpretationem
878 575 970 615 satis
999 582 1157 615 acutam
1181 575 1222 614 in
1248 583 1456 627 utramque

122 647 274 691 partem
303 648 342 679 et
371 640 599 680 meritorum
628 640 669 680 in
695 654 776 680 rem
806 640 1008 692 publicam
1035 640 1334 680 contentionem
1361 654 1455 680 sane

121 719 290 756 gravem.
349 707 491 757 Itaque
528 719 647 746 causa
683 706 756 745 fuit
781 705 982 754 Aeschini,
1014 720 1106 745 cum
1139 705 1224 757 ipse
1256 719 1280 744 a
1311 707 1456 745 Demo·
1476 719 1512 740 21

122 772 262 810 sthene
293 778 395 810 esset
428 771 566 822 capitis
594 778 812 819 accusatus,
840 772 950 822 quod
975 771 1213 822 legationem
1242 771 1455 811 ementitus

66 849 105 873 10
123 844 236 884 esset,
276 844 320 875 ut
363 835 580 876 ulciscendi
621 836 772 876 inimici
817 849 938 875 causa
982 836 1145 875 nomine
1183 836 1454 887 Ctesiphontis

123 900 313 940 iudicium
335 902 444 940 fieret
463 902 514 941 de
534 901 646 941 factis
666 903 851 952 famaque
871 900 1166 940 Demosthenis.
1226 903 1321 940 Non
1348 901 1452 940 enim

122 973 203 1004 tam
229 967 353 1005 multa
370 968 477 1005 dixit
493 968 543 1006 de
563 966 780 1006 rationibus
800 979 882 1005 non
902 965 1041 1014 relatis,
1065 979 1185 1017 quam
1205 967 1256 1005 de
1276 979 1324 1005 eo
1345 967 1454 1017 quod

122 1030 217 1070 civis
251 1030 455 1082 improbus
484 1039 527 1070 ut
553 1031 726 1083 optimus
756 1033 938 1071 laudatus
964 1038 1077 1071 esset.
1138 1033 1258 1070 Hanc
1288 1033 1453 1070 multam
1477 1048 1513 1069 22

122 1095 343 1135 Aeschines
365 1110 389 1135 a
416 1096 678 1148 Ctesiphonte
705 1096 843 1148 petivit
871 1096 1132 1148 quadriennio
1160 1104 1253 1136 ante
1283 1096 1454 1148 Philippi

65 1173 102 1206 ¹5
125 1161 362 1202 Macedonis
382 1170 550 1201 mortem
566 1177 575 1211 ;
603 1163 675 1202 sed
694 1162 884 1202 iudicium
910 1163 1059 1201 sactum
1079 1169 1138 1201 est
1163 1161 1314 1212 aliquot
1339 1161 1454 1200 annis

122 1234 212 1278 post
248 1228 475 1267 Alexandro
513 1227 591 1266 iam
628 1227 767 1267 Asiam
801 1234 961 1267 tenente
975 1242 986 1276 3
1026 1228 1078 1267 ad
1116 1228 1226 1278 quod
1263 1227 1454 1267 iudicium

121 1306 336 1332 concursus
364 1292 508 1332 dicitur
536 1307 558 1332 e
587 1301 670 1332 tota
701 1292 867 1333 Graecia
894 1294 1020 1332 factus
1051 1306 1147 1332 esse.
1207 1292 1316 1343 Quid
1348 1293 1453 1332 enim

121 1366 202 1397 tam
239 1366 307 1398 aut
339 1358 549 1398 visendum
582 1366 650 1398 aut
679 1358 924 1398 audiendum
958 1358 1031 1397 fuit
1059 1372 1179 1409 quam
1209 1371 1454 1396 summorum

123 1431 322 1463 oratorum
342 1423 383 1463 in
402 1424 630 1475 gravissima
655 1437 775 1463 causa
793 1431 976 1463 accurata
995 1430 1034 1462 et
1059 1422 1274 1462 inimicitiis
1293 1423 1456 1462 incensa

62 1503 104 1526 20
125 1489 357 1529 contentio?
413 1491 595 1540 Quorum
622 1503 696 1542 ego
722 1489 919 1529 orationes
946 1488 989 1537 si,
1011 1497 1054 1528 ut
1080 1502 1206 1540 spero,
1228 1488 1283 1527 ita
1305 1502 1456 1540 expres·
1476 1507 1515 1537 23

122 1568 209 1595 sero
237 1554 445 1594 virtutibus
474 1563 589 1595 utens
618 1555 774 1595 illorum
803 1554 1005 1603 omnibus,
1026 1553 1068 1594 id
1097 1562 1156 1593 est
1184 1554 1388 1593 sententiis
1417 1562 1456 1594 et

122 1633 256 1660 earum
277 1620 408 1671 figuris
429 1628 468 1660 et
487 1634 615 1660 rerum
642 1620 791 1668 ordine,
813 1619 933 1659 verba
952 1632 1193 1670 persequens
1218 1626 1391 1667 eatenus,
1413 1625 1457 1657 ut

120 1699 167 1725 ea
186 1699 268 1724 non
287 1685 525 1724 abhorreant
544 1699 569 1724 a
588 1699 698 1725 more
725 1692 1020 1735 nostro—<quae
1039 1684 1072 1723 si
1091 1698 1113 1724 e
1134 1684 1294 1724 Graecis
1321 1684 1456 1723 omnia

120 1764 310 1790 conversa
328 1764 410 1790 non
430 1758 554 1798 erunt,
577 1758 709 1789 tamen
730 1758 773 1789 ut
791 1749 944 1801 generis
964 1749 1143 1788 eiusdem
1171 1749 1258 1797 sint,
1281 1749 1454 1789 elabora-

61 1827 100 1862 25
120 1816 314 1865 vimus—‚
343 1816 414 1855 erit
442 1818 585 1867 regula,
615 1817 667 1855 ad
696 1829 816 1867 quam
846 1828 982 1854 eorum
1012 1814 1227 1866 dirigantur
1255 1814 1452 1855 orationes

119 1882 189 1933 qui
207 1882 340 1921 Attice
366 1883 501 1921 volent
529 1881 671 1921 dicere.
730 1882 809 1920 Sed
835 1881 887 1920 de
915 1879 1031 1919 nobis
1061 1879 1163 1919 satis.
1223 1880 1453 1931 Aliquando

121 1947 226 1988 enim
246 1947 488 1987 Aeschinem
508 1946 638 1998 ipsum
659 1945 800 1985 Latine
820 1946 1019 1985 dicentem
1038 1945 1257 1985 audiamus.

166 2061 205 2082 12
229 2051 315 2082 dixit
331 2050 407 2083 add.
425 2051 516 2092 vulg.
684 2059 727 2082 20
750 2058 815 2089 ego
832 2048 922 2090 vulg.
938 2060 947 2081 ς
970 2058 1051 2090 ergo
1070 2048 1134 2081 GP
1239 2049 1268 2080 si
1286 2052 1322 2080 ut
1337 2049 1425 2091 vulg.
1444 2061 1452 2080 :

120 2095 207 2127 sieut
222 2094 310 2126 codd.
490 2104 534 2134 23
557 2103 576 2125 e
601 2104 669 2126 om.
690 2093 719 2125 G
898 2103 940 2133 24
967 2093 1213 2125 elaborabimus
1236 2093 1348 2125 codd.:
1373 2104 1451 2125 corr.

121 2138 350 2179 Hieronymus
