1696 2730
738 174 949 215 TOPICA
1453 179 1506 210 22
1522 177 1568 216 83

170 285 329 337 partitio
367 282 486 339 [sic]:
532 283 657 323 triane
695 296 839 334 genera
875 283 1074 322 bonorum
1113 281 1200 321 sint.
1265 278 1504 331 Descriptio,

172 351 299 402 qualis
338 350 387 389 sit
423 362 574 397 avarus,
621 348 748 399 qualis
794 349 1025 387 adsentator
1070 354 1280 397 ceteraque
1324 345 1503 385 eiusdem

171 415 338 466 generis,
374 414 415 453 in
453 414 598 465 quibus
637 421 676 453 et
713 420 854 452 natura
890 420 930 452 et
966 412 1047 451 vita
1084 411 1327 452 describitur.
1397 411 1503 451 Cum
1522 413 1565 456 84

170 488 304 521 autem
337 479 536 531 quaeritur
567 480 684 529 quale
717 478 815 529 quid
848 478 907 526 sit,
943 486 1011 517 aut
1044 477 1274 529 simpliciter
1307 474 1506 527 quaeritur

134 559 152 592 5
170 554 239 586 aut
263 552 489 596 comparate
503 559 514 593 ;
546 543 798 594 simpliciter:
834 544 1120 594 Expetendane
1147 542 1196 582 sit
1221 541 1344 592 gloria
1357 555 1368 590 3
1400 554 1506 580 com-

170 618 328 662 parate:
358 610 698 661 Praeponendane
723 608 773 647 sit
796 607 941 647 divitiis
967 608 1100 659 gloria.
1159 606 1406 658 Simplicium
1432 606 1506 645 tria

169 690 314 727 genera
332 683 447 715 sunt:
476 677 528 715 de
542 675 766 725 expetendo
781 673 1065 724 fugiendoque,
1080 674 1131 712 de
1145 686 1275 723 aequo
1295 679 1333 711 et
1352 665 1502 722 iniquo,

171 742 222 780 de
250 742 420 780 honesto
449 747 488 779 et
515 739 631 790 turpi.
688 738 1043 789 Comparationum
1072 745 1206 776 autem
1235 738 1341 776 duo:
1378 750 1504 775 unum

171 807 224 845 de
251 807 395 845 eodem
424 812 464 844 et
491 805 580 852 alio,
611 805 778 843 alterum
807 804 858 842 de
887 802 1035 842 maiore
1065 809 1104 841 et
1133 801 1295 841 minore.
1356 803 1419 840 De
1444 815 1505 840 ex-

114 887 154 909 10
171 872 347 921 petendo
375 878 414 909 et
442 869 631 920 fugiendo
659 868 776 907 huius
806 868 939 906 modi:
988 867 1029 906 Si
1058 868 1302 918 expetendae
1331 865 1502 914 divitiae,

171 935 204 974 si
235 935 423 986 fugienda
454 941 675 986 paupertas.
736 935 799 972 De
831 946 960 983 aequo
994 939 1033 971 et
1065 932 1228 982 iniquo:
1264 933 1505 982 Aequumne

170 1000 220 1039 sit
251 999 388 1039 ulcisci
416 1013 440 1038 a
468 1012 723 1050 quocumque
752 997 934 1036 iniuriam
968 996 1178 1048 acceperis.
1238 998 1301 1036 De
1333 998 1504 1035 honesto

170 1073 210 1104 et
246 1065 374 1116 turpi:
421 1066 705 1104 Honestumne
743 1063 792 1102 sit
829 1076 900 1114 pro
938 1062 1063 1113 patria
1100 1062 1229 1101 mori?
1285 1063 1346 1100 Ex
1382 1062 1504 1100 altero
1523 1065 1564 1107 85

170 1138 304 1170 autem
332 1143 485 1181 genere,
517 1131 627 1180 quod
656 1136 737 1168 erat
765 1127 1009 1179 bipertitum,
1038 1141 1163 1166 unum
1192 1133 1252 1166 est
1280 1127 1331 1165 de
1359 1127 1504 1165 eodem

45 1227 49 1235 ,.
114 1214 152 1247 ¹5
172 1203 211 1235 et
229 1195 331 1234 alio:
361 1195 471 1245 Quid
496 1194 649 1234 intersit
673 1194 775 1233 inter
793 1193 966 1232 amicum
987 1200 1026 1231 et
1045 1194 1349 1239 adsentatorem,
1371 1204 1504 1242 regem

171 1267 211 1300 et
235 1268 444 1310 tyrannum
459 1275 470 1309 3
496 1261 663 1299 alterurn
683 1260 734 1298 de
754 1258 902 1297 maiore
923 1265 962 1296 et
982 1257 1145 1304 minore,
1169 1264 1211 1295 ut
1238 1256 1270 1295 si
1296 1256 1507 1307 quaeratur

169 1325 449 1376 eloquentiane
477 1324 599 1375 pluris
625 1324 674 1363 sit
699 1338 751 1362 an
777 1323 870 1362 iuris
898 1322 1022 1362 civilis
1049 1322 1223 1361 scientia.
1284 1324 1347 1360 De
1372 1321 1505 1372 cogni-

168 1390 288 1430 tionis
333 1389 632 1441 quaestionibus
679 1390 882 1428 hactenus.
950 1387 1132 1427 Actionis
1178 1387 1352 1438 reliquae
1399 1394 1501 1435 sunt,
1524 1394 1566 1426 86

170 1469 335 1506 quarum
356 1456 438 1494 duo
463 1468 606 1506 genera
623 1469 631 1493 :
660 1468 786 1493 unum
805 1455 857 1492 ad
878 1453 1064 1501 officium,
1085 1454 1253 1492 alterurn
1272 1453 1325 1491 ad
1348 1459 1503 1491 motum

49 1562 54 1563 ⁷
111 1537 155 1560 πο
169 1520 293 1560 animi
324 1521 386 1559 vel
423 1519 666 1571 gignendum
700 1520 763 1558 vel
801 1519 1025 1558 sedandum
1063 1519 1229 1569 planeve
1266 1518 1501 1556 tollendum.

169 1586 236 1624 Ad
255 1585 430 1624 officium
450 1584 516 1632 sic,
539 1591 583 1623 ut
608 1597 700 1623 cum
726 1583 926 1634 quaeritur
952 1582 1247 1634 suscipiendine
1273 1582 1351 1621 sint
1376 1581 1501 1621 liberi.

167 1651 236 1689 Ad
263 1651 484 1689 movendos
511 1649 666 1687 animos
692 1647 986 1687 cohortationes
1015 1648 1067 1687 ad
1095 1647 1390 1686 defendendam
1418 1660 1504 1686 rem

167 1714 380 1766 publicam,
415 1715 467 1754 ad
505 1715 676 1761 laudem,
711 1714 763 1752 ad
800 1712 992 1764 gloriam3
1037 1726 1117 1763 quo
1151 1726 1199 1751 ex
1234 1725 1377 1763 genere
1411 1718 1504 1750 sunt

169 1781 366 1831 querellae
402 1779 653 1818 incitationes
686 1777 1039 1828 miserationesque
1072 1776 1223 1816 flebiles
1238 1791 1249 1825 3
1289 1789 1503 1827 rursusque

49 1846 51 1851 ’
111 1860 150 1893 ²5
169 1844 294 1884 oratio
327 1852 412 1883 tum
444 1843 689 1883 iracundiam
722 1843 979 1893 restinguens,
1015 1850 1100 1881 tum
1134 1849 1284 1881 metum
1318 1841 1499 1892 eripiens,

45 2171 53 2203 ἶ
110 2187 150 2220 30
167 2169 245 2208 sint
263 2169 452 2220 deinceps
472 2176 530 2208 est
549 2168 779 2207 videndum.
838 2169 990 2208 Omnes
1014 2167 1070 2206 illi
1092 2167 1255 2218 quidem
1281 2168 1334 2206 ad
1358 2168 1501 2218 pleras-

168 1918 253 1949 tum
282 1911 543 1949 exsultantem
572 1908 760 1948 laetitiam
789 1908 1074 1958 comprimens,
1102 1914 1187 1946 tum
1213 1906 1501 1958 aegritudinem

166 1975 405 2026 abstergens.
466 1976 581 2013 Haec
610 1987 701 2013 cum
729 1974 771 2012 in
799 1972 992 2024 propositi
1025 1971 1323 2023 quaestionibus
1356 1985 1501 2023 genera

167 2039 258 2088 sint,
277 2041 419 2079 eadem
438 2038 478 2077 in
499 2052 637 2078 causas
656 2040 951 2078 transferuntur.

221 2104 321 2144 Loci
351 2111 484 2143 autern
518 2103 586 2154 qui
619 2105 670 2143 ad
704 2116 883 2154 quasque
916 2102 1170 2153 quaestiones
1203 2101 1500 2142 accommodati
1516 2090 1569 2185 ’ἐξ

166 2247 258 2285 que,
285 2235 356 2273 sed
386 2233 451 2272 alii
479 2234 531 2273 ad
559 2232 669 2282 alias,
698 2241 742 2272 ut
769 2232 864 2281 dixi,
892 2232 1075 2283 aptiores.
1133 2234 1200 2272 Ad
1229 2231 1501 2271 coniecturam

164 2299 280 2350 igitur
307 2298 477 2338 maxime
504 2306 597 2349 apta
625 2311 727 2349 quae
756 2311 804 2337 ex
832 2297 972 2345 causis,
1002 2310 1104 2348 quae
1134 2311 1182 2337 ex
1212 2296 1375 2346 effectis,
1398 2310 1503 2348 quae

212 2412 228 2434 1
252 2402 302 2434 sie
317 2401 380 2442 Of:
404 2413 470 2434 om.
489 2401 578 2433 codd.
734 2411 754 2440 3
773 2401 870 2442 prius
886 2405 920 2432 et
939 2400 1006 2441 Os:
1028 2411 1096 2432 om.
1118 2399 1208 2432 codd.
1363 2410 1405 2441 27
1421 2410 1500 2441 pro-

164 2446 269 2487 positi
284 2445 475 2478 Hammer:
501 2445 688 2486 propositis
705 2444 798 2477 codd.
