1696 2730
689 137 927 176 ORATOR
1076 145 1078 147 ’
1103 145 1113 180 ’ζ
1429 147 1476 186 4ῐ
1494 153 1560 186 140

148 249 311 288 laudum
339 262 528 297 mearum,
548 248 616 299 qui
642 262 723 287 non
747 255 953 288 censerent
972 247 1055 287 eius
1075 248 1146 287 viri
1161 254 1266 297 esse,
1288 249 1339 287 de
1365 248 1477 287 cuius

149 313 297 352 meritis
325 322 483 353 senatus
516 321 626 352 tanta
651 313 799 353 iudicia
829 313 986 352 fecisset
1013 314 1300 364 comprobante
1328 315 1478 364 populo

151 380 337 418 Romano
366 387 515 430 quanta
542 380 593 418 de
621 380 745 428 nullo,
771 380 822 418 de
849 378 1014 418 artificio
1042 378 1202 418 dicendi
1230 378 1368 418 litteris
1397 387 1477 417 tam

150 445 274 483 multa
293 445 492 483 mandare.
546 444 704 494 Quibus
723 444 756 483 si
776 444 873 483 nihil
891 444 999 483 aliud
1018 445 1298 494 responderem
1320 443 1394 482 nisi
1415 457 1479 483 me

113 523 131 554 5
152 510 209 548 M.
233 511 356 548 Bruto
376 523 518 560 negare
537 508 690 560 roganti
709 509 893 558 noluisse,
916 509 1017 548 iusta
1036 517 1139 548 esset
1158 509 1369 557 excusatio,
1387 523 1479 548 cum

151 582 190 614 et
217 574 458 613 amicissimo
491 582 532 613 et
559 573 896 625 praestantissimo
926 573 1009 612 viro
1040 581 1079 612 et
1107 582 1213 613 recta
1245 582 1284 613 et
1312 575 1480 613 honesta

150 639 302 690 petenti
334 639 427 678 satis
459 640 587 678 facere
624 639 848 678 voluissem.
916 640 995 678 Sed
1038 639 1070 678 si
1107 640 1479 690 profiterer-quod

151 704 302 743 utinam
329 718 487 755 possem
504 707 632 743 l—me
661 704 847 744 studiosis
876 704 1037 744 dicendi
1064 712 1275 755 praecepta
1303 713 1342 744 et
1368 705 1481 755 quasi

151 769 234 808 vias
263 783 365 821 quae
392 771 444 809 ad
470 770 738 820 eloquentiam
767 772 911 810 ferrent
936 770 1184 819 traditurum,
1203 771 1291 821 quis
1318 772 1480 810 tandem

96 852 136 876 ιο
153 834 194 874 id
220 835 345 874 iustus
365 849 492 875 rerum
514 835 755 874 existimator
780 837 1112 886 reprehenderet?
1159 838 1264 875 Nam
1285 836 1372 887 quis
1399 850 1482 875 um—

152 914 272 951 quam
292 900 488 939 dubitavit
506 900 603 951 quin
622 900 663 939 in
683 915 723 940 re
743 901 903 952 publica
928 908 1062 940 nostra
1084 900 1229 952 primas
1255 901 1483 952 eloquentia

151 965 320 1005 tenuerit
353 979 508 1016 semper
540 966 698 1005 urbanis
736 966 965 1017 pacatisque
1002 967 1130 1015 rebus,
1161 968 1356 1006 secundas
1390 966 1483 1006 iuris

152 1030 345 1069 scientia?
381 1045 473 1070 cum
502 1030 543 1069 in
568 1033 689 1070 altera
717 1031 872 1082 gratiae,
894 1031 1050 1082 gloriae,
1072 1032 1243 1083 praesidi
1267 1032 1482 1082 plurimum

152 1103 266 1143 esset,
297 1095 337 1134 in
366 1097 487 1135 altera
514 1096 867 1147 praescriptionum
901 1097 1211 1148 cautionumque
1243 1097 1481 1148 praeceptio,

10 1148 38 1208 '⁵³-
96 1177 133 1209 15
152 1174 255 1211 quae
279 1160 442 1212 quidem
464 1161 549 1211 ipsa
574 1161 762 1200 auxilium
788 1163 839 1201 ab
865 1162 1092 1212 eloquentia
1118 1176 1235 1213 saepe
1254 1170 1415 1212 peteret,
1437 1175 1484 1201 ea

151 1239 244 1266 vero
263 1234 506 1277 repugnante
525 1226 588 1265 vix
608 1240 697 1266 suas
717 1227 895 1278 regiones
916 1227 1085 1278 finisque
1104 1229 1344 1267 defenderet.
1402 1229 1484 1267 Cur

152 1291 269 1342 igitur
293 1291 353 1330 ius
379 1291 493 1331 civile
519 1293 663 1332 docere
689 1306 844 1343 semper
866 1294 1075 1344 pulchrum
1102 1293 1175 1331 fuit
1194 1293 1483 1343 hominumque

152 1356 456 1396 clarissimorum
490 1357 693 1412 discipulis
730 1360 947 1397 floruerunt
979 1359 1147 1397 domus:
1185 1360 1236 1398 ad
1266 1358 1482 1397 dicendum

153 1421 186 1460 si
218 1421 306 1472 quis
338 1430 454 1461 acuat
486 1430 554 1461 aut
585 1423 746 1462 adiuvet
773 1423 813 1461 in
848 1437 896 1463 eo
925 1423 1184 1472 iuventutern,
1213 1423 1486 1474 vituperetur?

95 1501 137 1524 πο
153 1488 259 1526 Nam
283 1487 315 1526 si
330 1487 514 1527 vitiosum
532 1495 591 1527 est
605 1488 736 1528 dicere
757 1496 906 1538 ornate,
918 1491 1085 1540 pellatur
1100 1488 1265 1528 omnino
1285 1502 1307 1527 e
1327 1488 1484 1528 civitate

152 1552 381 1603 eloquentia
393 1567 403 1601 3
432 1553 492 1591 sin
513 1567 560 1592 ea
578 1567 659 1592 non
685 1555 808 1593 modo
832 1567 901 1593 eos
927 1562 1040 1593 ornat
1059 1567 1181 1604 penes
1201 1567 1301 1604 quos
1321 1561 1390 1601 est,
1413 1555 1484 1593 sed

153 1618 272 1657 etiam
298 1617 404 1656 iuvat
422 1618 644 1657 universam
674 1632 756 1658 rem
785 1619 997 1669 publicam,
1020 1633 1089 1658 cur
1113 1626 1181 1658 aut
1201 1619 1351 1658 discere
1371 1627 1484 1670 turpe

153 1691 213 1722 est
232 1684 342 1734 quod
367 1683 466 1722 scire
491 1685 703 1723 honestum
730 1691 790 1723 est
814 1692 881 1722 aut
901 1686 1010 1735 quod
1034 1698 1151 1735 posse
1176 1684 1484 1735 pulcherrimum

154 1756 214 1787 est
233 1748 275 1787 id
294 1762 375 1787 non
395 1748 609 1799 gloriosum
628 1756 687 1788 est
707 1750 879 1788 docere?

98 1830 137 1863 ²5
213 1815 282 1852 ‘At
301 1815 466 1852 alterum
486 1813 706 1852 factitatum
727 1821 798 1862 est,
813 1815 979 1853 alterum
999 1815 1172 1853 novum.'
1221 1816 1362 1853 Fateor
1374 1829 1385 1863 3
1413 1827 1454 1854 se

155 1879 357 1930 utriusque
384 1879 438 1918 rei
458 1893 577 1918 causa
595 1888 663 1919 est.
722 1881 879 1919 Alteros
905 1879 1011 1919 enim
1037 1881 1323 1931 respondentes
1348 1880 1485 1919 audire

1501 656 1560 688 141

1502 1244 1563 1278 14²

1458 1792 1555 1854 d4²

1505 1853 1565 1885 1⁴3

154 1953 214 1984 sat
233 1952 326 1992 erat,
347 1952 391 1983 ut
410 1944 444 1983 ei
466 1944 533 1995 qui
554 1946 744 1984 docerent
763 1947 916 1984 nullum
937 1945 1012 1984 sibi
1037 1946 1089 1984 ad
1109 1959 1197 1984 eam
1225 1959 1306 1984 rem
1327 1953 1484 1996 tempus
1525 1953 1542 1973 ‘-

154 2009 229 2063 ipsi
262 2018 509 2060 seponerem,
545 2011 615 2049 sed
653 2011 795 2049 eodem
830 2018 1007 2061 ternpore
1040 2018 1079 2049 et
1108 2010 1353 2050 discentibus
1391 2010 1484 2050 satis

155 2076 328 2114 facerent
354 2083 393 2114 et
418 2074 717 2114 consulentibus
732 2090 742 2124 ;
771 2075 892 2123 alteri,
914 2089 1006 2114 cum
1033 2075 1297 2115 domesticum
1327 2069 1483 2127 tempus

200 2189 218 2219 7
255 2178 437 2219 profiterer
451 2178 604 2209 Ernesti:
627 2178 791 2218 profitear
814 2179 866 2210 L:
899 2179 1101 2219 profiteatur
1122 2179 1155 2209 A
1310 2189 1332 2218 9
1356 2179 1485 2209 ferrent

155 2221 223 2252 AL
238 2233 246 2253 z
269 2222 487 2260 serentJalm
502 2234 510 2253 :
533 2222 643 2253 serant
654 2222 785 2262 Kayser
907 2232 947 2254 10
970 2223 1240 2263 reprehenderet
1254 2222 1322 2253 AL
1337 2234 1345 2254 :
1368 2231 1483 2262 repre—

155 2265 284 2297 hendet
308 2265 374 2297 cod.
409 2265 514 2297 Vict.:
547 2266 780 2305 reprehendat
810 2265 902 2296 Bake
1071 2276 1106 2297 11
1131 2267 1210 2306 quin
1242 2264 1295 2297 L:
1333 2266 1422 2306 quod
1447 2266 1482 2296 A

159 2318 198 2340 12
222 2310 351 2349 pacatis
368 2309 488 2340 maluit
502 2308 627 2340 Piderit
756 2320 794 2349 14
818 2309 1126 2350 praescriptionum
1141 2309 1206 2342 cod.
1221 2308 1326 2340 Laur.
1341 2309 1483 2350 Poggii:

156 2353 430 2393 persecutionum
447 2351 515 2383 AL
650 2363 688 2393 19
712 2358 769 2385 aut
786 2378 793 2385 .
810 2377 819 2386 .
839 2378 847 2387 .
864 2364 905 2385 eo
923 2354 991 2385 secl.
1005 2352 1158 2385 Hoerner
1282 2363 1326 2384 22
1349 2354 1484 2384 univer-

157 2406 229 2427 sam
245 2395 275 2426 L
291 2407 299 2428 :
323 2397 412 2428 iuvat
428 2406 582 2428 eversam
599 2397 632 2427 A
919 2434 921 2436 Ι
1304 2424 1307 2427 ,
1408 2434 1413 2440 .
1463 2410 1472 2428 ,)
