1696 2730
694 139 930 180 ORATOR
1110 141 1117 144 ·
1426 151 1482 190 29

153 254 192 292 N
195 267 241 292 ec
260 252 366 292 enim
386 266 493 292 nunc
512 254 564 292 de
583 252 711 301 nobis,
728 254 799 292 sed
818 252 869 292 de
888 266 929 292 re
948 252 1117 292 dicimus
1131 268 1142 302 3
1171 253 1211 292 in
1227 254 1308 304 quo
1328 261 1482 292 tantum

150 318 263 357 abest
291 326 335 357 ut
362 326 496 357 nostra
528 317 724 366 miremur,
755 326 794 358 et
823 332 950 369 usque
978 331 1027 357 eo
1054 318 1233 357 difficiles
1261 332 1308 357 ac
1337 319 1483 358 morosi

148 393 301 432 sumus,
331 390 374 422 ut
404 382 519 422 nobis
550 397 632 422 non
662 382 755 422 satis
787 383 905 422 faciat
937 382 1022 434 ipse
1054 384 1375 432 Demosthene83
1414 383 1482 434 qui

150 461 392 499 quamquam
425 462 528 487 unus
561 448 708 487 eminet
741 447 842 487 inter
873 448 1004 487 omnis
1033 447 1075 487 in
1112 447 1223 488 omni
1254 462 1397 499 genere
1428 449 1483 488 di-

113 527 131 558 5
150 513 279 561 cendi,
318 521 452 552 tamen
489 527 572 553 non
609 527 765 564 semper
801 513 940 564 implet
976 513 1080 552 auris
1118 527 1226 552 meas
1243 528 1254 562 ς
1300 513 1354 552 ita
1391 522 1482 553 sunt

149 578 287 618 avidae
307 586 346 617 et
368 592 533 630 capaces
559 586 598 618 et
624 592 741 630 saepe
766 578 916 629 aliquid
942 578 1182 617 immensum
1202 578 1482 630 infinitumque

148 634 408 683 desiderant·
443 645 522 683 Sed
541 652 689 692 tamen,
709 643 899 694 quoniam
919 651 958 682 et
984 645 1091 683 hunc
1111 651 1153 682 tu
1173 651 1368 683 oratorem
1389 658 1481 683 cum

143 707 232 747 'eius
270 708 560 748 studiosissimo
598 711 824 756 Pammene,
864 722 956 748 cum
994 722 1100 748 esses
1133 708 1312 756 Athenis,
1352 717 1481 748 totum

148 771 447 823 diligentissime
477 772 697 823 cognovisti
727 787 802 812 nec
839 787 932 812 eum
965 772 1130 813 dimittis
1161 787 1183 812 e
1221 773 1405 812 manibus
1443 782 1482 813 et

91 849 131 872 ιο
148 845 282 877 tamen
319 846 454 877 nostra
490 837 609 878 etiam
646 838 810 885 lectitas,
844 838 955 877 vides
993 839 1171 889 profecto
1207 838 1318 877 illum
1358 840 1482 878 multa

147 904 345 953 perficere,
368 917 440 943 nos
467 905 591 942 multa
615 903 761 952 conari,
782 903 893 942 illum
919 917 1050 955 posse,
1073 918 1146 943 nos
1165 905 1266 943 velle
1292 917 1482 954 quocum-

146 980 225 1018 que
263 970 385 1008 modo
422 982 541 1008 causa
577 970 750 1020 postulet
787 969 929 1008 dicere.
993 970 1098 1008 Nam
1136 969 1201 1008 ille
1239 983 1404 1020 magnus
1442 978 1481 1009 et

1495 154 1566 190 *104

1499 620 1554 657 30

1501 680 1562 711 105

146 1033 334 1072 successit
354 1033 438 1084 ipse
458 1034 610 1085 magnis
629 1042 669 1074 et
694 1034 887 1074 maximos
915 1042 1088 1074 oratores
1114 1034 1253 1073 habuit
1281 1034 1482 1085 aequalis,
1516 1086 1521 1087 ⁷

146 1111 220 1137 nos
250 1098 394 1138 minus.
453 1101 646 1150 Magnum
680 1099 920 1148 fecissemus,
952 1099 984 1138 si
1017 1099 1181 1150 quidem
1213 1099 1480 1150 potuissemus

89 1177 126 1210 ¹5
146 1176 227 1214 quo
264 1164 544 1204 contendimus
584 1164 787 1216 pervenire
830 1165 871 1203 in
913 1178 960 1204 ea
1001 1165 1098 1204 urbe
1139 1164 1180 1203 in
1217 1178 1305 1215 qua,
1346 1172 1390 1203 ut
1426 1164 1481 1204 ait

145 1229 355 1278 Antonius,
386 1230 545 1269 auditus
574 1231 766 1280 eloquens
794 1243 915 1269 nemo
943 1237 1035 1269 erat.
1094 1229 1217 1280 Atqui
1244 1229 1277 1269 si
1301 1229 1480 1269 Antonio

146 1294 310 1334 Crassus
343 1296 536 1346 eloquens
569 1295 674 1334 visus
712 1309 794 1334 non
832 1302 891 1334 est
922 1302 991 1334 aut
1024 1294 1099 1333 sibi
1132 1294 1226 1345 ipse,
1259 1308 1479 1345 numquam

145 1359 265 1399 Cotta
292 1359 397 1399 visus
426 1368 540 1408 esset,
571 1374 789 1411 numquam
820 1359 1030 1411 Sulpicius,
1058 1373 1278 1410 numquam
1308 1362 1481 1399 Horten-

145 1423 252 1472 sius3
290 1425 388 1463 nihil
416 1425 522 1464 enim
551 1427 682 1476 ample
706 1426 835 1474 Cotta,
867 1425 966 1464 nihil
993 1424 1132 1464 leniter
1157 1424 1365 1476 Sulpicius,
1396 1439 1478 1465 non

86 1505 129 1528 20
148 1491 270 1529 multa
288 1491 453 1541 graviter
469 1491 708 1531 Hortensius
723 1506 733 1540 3
762 1491 981 1542 superiores
1002 1490 1125 1541 magis
1144 1491 1196 1530 ad
1215 1504 1335 1530 omne
1353 1504 1478 1541 genus

144 1555 236 1606 apti,
277 1556 464 1596 Crassum
502 1556 594 1595 dico
631 1564 670 1596 et
708 1555 941 1595 Antonium.
1012 1555 1171 1595 Ieiunas
1209 1555 1324 1606 igitur
1361 1556 1477 1595 huius

145 1620 372 1671 multiplicis
401 1629 439 1659 et
467 1621 725 1671 aequabiliter
752 1621 792 1660 in
822 1620 957 1660 omnia
983 1634 1128 1671 genera
1151 1621 1261 1659 fusae
1290 1620 1477 1660 orationis

143 1685 247 1724 auris
285 1685 452 1724 civitatis
489 1686 726 1737 accepimus,
766 1699 913 1736 easque
950 1699 1024 1725 nos
1067 1685 1195 1737 primi,
1235 1685 1477 1736 quicumque

143 1764 298 1790 eramus
327 1760 366 1790 et
394 1753 804 1802 quantulumcumque
832 1751 1076 1799 dicebamus,
1098 1751 1150 1789 ad
1179 1750 1296 1789 huius
1323 1750 1476 1801 generis

86 1823 127 1857 ²5
144 1814 342 1869 [dicendi]
362 1815 552 1855 audiendi
571 1815 818 1855 incredibilia
837 1815 967 1855 studia
986 1815 1263 1855 convertimus.
1306 1815 1476 1865 Quantis

143 1881 208 1920 illa
236 1881 474 1921 elamoribus
502 1881 790 1921 adulescentuli
817 1880 988 1920 diximus
1009 1878 1076 1933 [de
1102 1880 1296 1931 supplicio
1323 1880 1477 1931 parrici-

141 1944 313 1999 darum]‚
349 1960 451 1997 quae
484 1959 738 1997 nequaquam
772 1945 864 1985 satis
902 1945 1114 1985 defervisse
1151 1953 1241 1996 post
1270 1945 1475 1996 aliquanto

141 2012 284 2051 sentire
303 2011 508 2062 coepimus
526 2027 534 2050 ε
574 2011 683 2061 Quid
710 2011 816 2050 enim
842 2018 922 2050 tam
943 2023 1157 2050 commune
1176 2024 1295 2061 quam
1317 2010 1474 2061 spiritus

140 2076 248 2125 vivis,
279 2085 380 2116 terra
409 2077 584 2126 mortuis,
613 2090 719 2116 mare
748 2076 1042 2124 fluctuantibus,
1067 2076 1158 2116 litus
1188 2075 1354 2116 eiectis?
1412 2078 1474 2116 Ita

185 2191 205 2211 2
228 2186 263 2212 et
277 2180 325 2219 A,
341 2180 409 2212 secl.
428 2179 573 2220 Stangl:
597 2184 633 2211 ut
647 2178 678 2210 L
697 2190 705 2211 :
728 2179 829 2211 etiarn
844 2179 1008 2211 Frt'edn'ch
1141 2190 1162 2219 3
1186 2180 1285 2211 nobis
1301 2179 1471 2211 interdum

139 2222 272 2264 Schatz,
290 2224 355 2255 coll.
373 2224 510 2264 Quintil.
527 2234 558 2255 x.
581 2233 607 2255 1.
626 2233 678 2262 24.
696 2222 754 2255 xii.
772 2233 800 2254 1.
814 2233 856 2254 22
956 2233 974 2263 7
998 2223 1088 2264 quod
1105 2222 1171 2254 iam
1188 2222 1217 2253 L
1320 2233 1360 2253 12
1384 2223 1471 2255 Nam

139 2266 172 2297 A
188 2277 196 2297 ε
222 2267 291 2299 Sed
308 2267 356 2300 L:
382 2272 416 2298 et
430 2267 463 2298 A
482 2279 489 2299 :
512 2277 589 2298 nam
605 2272 639 2298 et
656 2266 685 2297 L
777 2277 816 2306 14
839 2266 949 2298 minus
963 2266 997 2296 A
1016 2278 1022 2297 :
1054 2267 1157 2299 nimis
1172 2265 1348 2298 Manutius
1364 2278 1371 2298 :
1401 2277 1471 2298 non

139 2311 250 2342 minus
265 2311 367 2352 vulg„
385 2322 452 2342 om.
474 2309 505 2341 L
653 2320 694 2342 22
717 2309 906 2350 aequaliter
925 2309 1050 2342 Schdtz
1193 2310 1246 2350 αι,
1269 2320 1402 2341 eramus
1418 2309 1448 2341 L
1465 2322 1472 2342 :

140 2363 275 2386 oramus
293 2355 519 2395 (superscn'pto
533 2354 589 2396 ba)
608 2354 641 2384 A
779 2363 820 2393 25
844 2353 980 2385 dicendi
1003 2364 1070 2385 om.
1086 2352 1120 2384 A
1279 2355 1322 2384 26
1345 2354 1388 2384 de
1404 2376 1412 2384 .
1432 2377 1440 2385 .
1459 2378 1468 2385 .

139 2398 380 2438 parricidarum
393 2408 458 2430 om.
476 2398 509 2428 A
637 2407 677 2437 27
703 2397 779 2428 fatis
794 2397 982 2437 deperiisse
994 2397 1028 2429 A
1163 2407 1206 2438 29
1228 2397 1470 2429 fluctuantibus

137 2440 227 2473 codd.
244 2451 289 2472 or.
310 2441 404 2473 Rosc.
420 2452 428 2471 :
451 2441 677 2473 eluctantibus
697 2441 729 2471 A
745 2452 751 2473 :
778 2440 932 2472 fiuctibus
947 2439 977 2471 L

1503 1234 1561 1267 106

1498 1828 1558 1862 107
