1696 2730
643 178 881 219 ORATOR
1386 177 1437 214 61
1455 190 1518 223 ²05

104 299 144 332 et
162 293 325 343 quando
343 298 411 330 aut
429 289 512 330 istis
535 296 604 328 aut
627 288 703 328 illis
729 288 780 328 sit
806 287 1002 327 utendum
1018 300 1029 335 3
1066 298 1250 337 quaeque
1274 284 1375 324 inter
1395 299 1436 324 se

103 356 306 408 aptissime
325 357 583 396 conlocentur
607 361 647 394 et
672 367 753 405 quo
777 353 912 400 modo,
933 365 984 391 an
1007 350 1174 390 omnino
1199 352 1308 389 nulla
1327 349 1376 389 sit
1395 350 1437 389 in

105 435 155 462 eo
173 435 316 473 genere
335 420 561 469 distinctio;
589 420 780 471 quodque
798 420 850 458 ad
870 431 952 457 rem
972 416 1143 455 maxime
1161 415 1341 467 pertinet,
1357 429 1437 466 qua

105 486 258 526 ratione
276 499 488 525 numerosa
510 486 578 524 fiat
603 484 739 524 oratio.
798 482 1091 534 Explicandum
1110 480 1230 520 etiam
1250 488 1309 520 est
1328 482 1436 520 unde
1456 487 1521 520 206

71 564 89 597 5
106 559 193 592 orta
224 552 273 591 sit
305 553 432 590 forma
466 551 678 590 verborum
710 549 1006 599 dicendumque
1043 554 1214 598 quantos
1251 545 1437 585 circuitus

107 618 235 657 facere
253 618 393 656 deceat
412 618 543 667 deque
566 628 703 655 eorum
727 613 926 665 particulis
955 620 994 652 et
1019 619 1223 662 tamquam
1242 610 1441 650 incisioni-

107 682 184 722 bus
203 682 477 721 disserendum
504 687 563 720 est
589 680 941 731 quaerendumque
966 684 1098 716 utrum
1127 690 1207 716 una
1230 676 1381 727 species
1401 682 1440 715 et

108 747 317 798 longitudo
343 747 392 786 sit
417 760 552 786 earum
579 759 684 785 anne
711 746 842 796 plures
868 750 917 792 et,
941 743 972 782 si
991 744 1134 794 plures,
1156 755 1238 793 quo
1263 743 1352 780 loco
1373 748 1440 780 aut

109 814 272 864 quando
319 825 480 863 quoque
522 824 664 862 genere
707 809 766 849 uti
809 815 998 860 oporteat.
1075 810 1282 847 Postremo
1319 806 1440 845 totius

51 890 93 915 ιο
109 878 262 930 generis
295 877 442 916 utilitas
474 876 709 927 explicanda
740 882 810 923 est,
841 887 943 925 quae
971 873 1135 924 quidem
1163 879 1271 923 patet
1298 872 1414 911 latius
1431 886 1442 920 3

110 956 194 982 non
221 943 274 982 ad
299 955 420 981 unam
449 941 556 981 enim
582 955 665 981 rem
692 940 878 991 aliquam,
900 940 972 978 sed
996 940 1047 978 ad
1069 937 1190 989 pluris
1219 949 1443 976 accommo-

110 1009 236 1048 datur.

164 1075 226 1112 Ac
245 1071 337 1112 licet
356 1085 438 1111 non
456 1073 509 1111 ad
528 1071 682 1122 singula
699 1072 1006 1122 respondentem
1027 1070 1078 1108 de
1097 1067 1281 1108 universo
1300 1079 1442 1118 genere
1463 1082 1527 1117 207

112 1138 168 1177 sic
187 1137 329 1185 dicere,
353 1145 395 1176 ut
423 1137 542 1176 etiam
571 1136 733 1188 singulis
762 1135 854 1175 satis
882 1148 1117 1186 responsum
1143 1147 1229 1172 esse
1252 1132 1441 1172 videatur.

15 1232 17 1239 Α
55 1216 94 1248 ¹5
113 1202 295 1242 Remotis
314 1202 430 1254 igitur
448 1201 607 1253 reliquis
625 1201 835 1252 generibus
854 1214 979 1239 unum
999 1198 1209 1249 selegimus
1228 1199 1317 1245 hoc,
1335 1198 1447 1248 quod

113 1263 155 1308 in
191 1267 320 1307 causis
357 1269 523 1318 foroque
554 1275 739 1315 versatur,
772 1268 822 1306 de
860 1279 941 1317 quo
974 1265 1206 1304 diceremus.
1266 1265 1371 1314 Ergo
1403 1262 1445 1300 in

112 1332 209 1381 aliis,
231 1333 272 1372 id
292 1340 351 1372 est
370 1332 410 1371 in
430 1332 592 1371 historia
610 1340 650 1372 et
668 1332 709 1370 in
733 1345 781 1371 eo
801 1332 911 1382 quod
929 1331 1176 1381 appellamus
1195 1328 1446 1375 ἐπιδεικτικόν,

113 1400 244 1450 placet
271 1397 407 1438 omnia
433 1397 513 1437 dici
533 1399 735 1437 Isocrateo
754 1398 1125 1446 Theopompeoque
1151 1407 1261 1433 more
1286 1393 1352 1432 illa
1378 1392 1447 1432 cir-

27 1512 30 1518 .
115 1463 422 1515 cumscriptione
458 1462 702 1514 ambituque,
742 1469 786 1501 ut
825 1469 1028 1511 tamquam
1073 1459 1114 1498 in
1155 1460 1251 1499 orbe
1295 1458 1447 1498 inclusa

9 1529 35 1583 ξζ
57 1544 98 1568 20
115 1537 245 1569 currat
271 1528 408 1576 oratio,
429 1529 563 1579 quoad
590 1527 744 1567 insistat
771 1526 812 1566 in
841 1525 1003 1577 singulis
1031 1524 1213 1576 perfectis
1242 1523 1448 1563 absolutis-

16 1600 30 1642 'j‘
116 1605 201 1645 que
221 1593 436 1633 sententiis.
496 1594 637 1644 Itaque
662 1599 802 1643 postea
827 1605 947 1642 quam
976 1598 1035 1630 est
1058 1598 1151 1629 nata
1176 1591 1275 1628 haec
1297 1590 1359 1628 vel
1379 1588 1448 1627 cir·
1467 1596 1529 1628 208

6 1667 15 1706 ‘t
117 1658 372 1710 cumscriptio
397 1660 459 1697 vel
481 1657 784 1708 comprehensio
812 1657 875 1695 vel
903 1654 1149 1695 continuatio
1174 1655 1237 1693 vel
1262 1652 1445 1700 ambitus,

118 1724 151 1763 si
170 1724 225 1763 ita
242 1724 335 1763 licet
353 1723 498 1772 dicere,
516 1736 647 1771 nemo,
669 1722 738 1773 qui
757 1721 890 1772 aliquo
910 1728 1013 1760 esset
1032 1720 1073 1758 in
1096 1732 1274 1766 numero,
1295 1717 1449 1769 scripsit

119 1789 339 1830 orationem
368 1787 520 1840 generis
549 1788 633 1827 eius
661 1788 772 1838 quod
799 1793 903 1826 esset
929 1786 981 1824 ad
1010 1783 1315 1823 delectationem
1344 1796 1449 1822 com-

60 1866 102 1900 25
121 1862 301 1906 paratum
326 1862 603 1904 remotumque
627 1866 651 1891 a
675 1851 830 1891 iudiciis
859 1850 1084 1900 forensique
1106 1847 1332 1896 certamine,
1353 1847 1449 1898 quin

120 1920 312 1971 redigeret
342 1919 472 1959 omnis
500 1920 580 1958 fere
608 1918 649 1956 in
677 1918 872 1969 quadrum
905 1928 1195 1966 numerumque
1223 1913 1448 1953 sententias.

121 1987 227 2025 Nam
255 1999 347 2025 curn
376 1984 408 2024 is
437 1992 496 2024 est
523 1983 680 2023 auditor
708 1982 777 2033 qui
807 1995 888 2021 non
917 1988 1094 2020 vereatur
1122 1993 1172 2019 ne
1205 1978 1452 2030 compositae

121 2050 309 2090 orationis
346 2049 499 2089 insidiis
541 2063 612 2088 sua
649 2050 748 2088 fides
790 2053 1055 2098 attemptetur,
1089 2044 1252 2097 gratiam
1290 2057 1451 2095 quoque

121 2117 242 2157 habet
261 2116 405 2156 oratori
424 2115 616 2166 voluptati
635 2114 788 2153 aurium
811 2111 1005 2152 servienti.
1064 2112 1201 2151 Genus
1220 2117 1354 2150 autem
1374 2111 1451 2148 hoc
1472 2155 1512 2177 20

63 2193 106 2228 30
123 2181 310 2222 orationis
333 2194 464 2232 neque
490 2187 618 2219 totum
647 2179 941 2219 adsumendum
967 2184 1026 2216 est
1051 2177 1103 2216 ad
1127 2189 1265 2215 causas
1287 2174 1452 2214 forensis
1516 2155 1536 2187 9

0 2263 4 2279 τ
123 2261 254 2298 neque
282 2247 447 2286 omnino
475 2245 791 2297 repudiandum,
830 2243 862 2282 si
893 2242 999 2282 enim
1028 2255 1184 2292 semper
1212 2247 1335 2288 utare,
1361 2253 1453 2278 cum

0 2329 4 2397 Β
122 2312 342 2352 satietatem
370 2313 497 2351 adfert
520 2319 604 2350 tum
634 2311 750 2361 quale
774 2309 822 2348 sit
845 2308 964 2348 etiam
989 2308 1040 2346 ab
1064 2305 1254 2358 imperitis
1279 2304 1454 2356 agnosci-

0 2443 1 2452 ,
170 2426 185 2447 1
210 2415 283 2447 istis
312 2414 342 2446 L
376 2415 486 2457 (Brut.
523 2414 624 2455 133):
662 2413 715 2445 his
746 2411 938 2443 Lambinus
1124 2418 1164 2449 13
1186 2407 1318 2449 singula
1345 2405 1453 2439 Bake:

0 2483 4 2510 3
34 2496 39 2500 ¹
124 2459 277 2500 singulas
291 2469 347 2490 res
363 2459 394 2490 L

166 2512 230 2535 cre.
249 2512 392 2535 onxroa
1329 2496 1368 2526 12
