1696 2730
682 122 919 163 ORATOR
1445 135 1472 174 4

143 246 237 273 vero
256 233 341 273 sine
360 233 688 285 philosophorum
714 234 924 286 disciplina
941 248 1066 286 genus
1085 242 1125 274 et
1150 234 1324 286 speciem
1347 235 1474 275 cuius-

143 311 222 348 que
241 298 296 337 rei
315 312 474 339 cernere
493 313 624 350 neque
643 312 732 338 earn
752 299 983 340 definiendo
997 299 1191 350 explicare
1211 313 1285 338 nec
1301 300 1473 340 tribuere

143 361 184 401 in
212 362 332 413 partis
360 377 572 414 possumus
601 378 676 404 nec
701 364 876 404 iudicare
904 378 1006 415 quae
1026 378 1117 404 vera
1144 378 1247 415 quae
1272 366 1369 404 falsa
1395 365 1473 405 sint

142 440 273 478 neque
302 441 462 468 cernere
495 429 793 480 consequentia,
821 429 1080 480 repugnantia
1112 429 1256 478 videre,
1286 430 1473 481 ambigua

103 506 122 538 5
142 491 392 543 distinguere.
452 493 563 543 Quid
591 494 723 534 dicam
752 496 804 534 de
831 502 971 533 natura
995 508 1136 543 rerum,
1158 494 1270 534 cuius
1296 495 1472 546 cognitio

141 570 327 607 magnam
349 558 516 598 orationi
545 559 772 611 suppeditat
798 559 969 611 copiam,
988 561 1039 599 de
1058 559 1148 608 vita,
1171 561 1222 599 de
1248 560 1397 608 officiis,
1420 562 1471 600 de

140 621 292 670 virtute,
333 624 384 662 de
422 624 628 664 moribus?
673 626 816 664 satis-ne
853 625 938 665 sine
971 627 1096 664 multa
1125 639 1259 665 earum
1296 625 1471 676 ipsarum

139 699 268 726 rerum
297 687 508 740 disciplina
531 697 599 729 aut
618 690 698 730 dici
720 697 788 730 aut
810 690 985 742 intellegi
1007 693 1168 741 potest?
1223 692 1288 730 Ad
1315 692 1386 730 has
1412 698 1470 731 tot

18 806 20 810 ,
139 759 348 803 tantasque
384 767 446 793 res
482 755 713 795 adhibenda
745 763 837 795 sunt
874 763 1107 795 ornamenta
1143 755 1447 796 innumerabilia
1459 772 1470 806 3

14 842 19 855 2
79 827 120 851 10
138 829 242 867 quae
279 819 363 857 sola
401 826 486 858 tum
523 820 687 871 quidem
725 821 981 860 tradebantur
1017 822 1068 860 ab
1102 820 1162 860 eis
1184 821 1264 871 ,qui
1308 821 1470 861 dicendi

15 872 33 889 ⁹
138 883 447 923 numerabantur
466 885 639 936 magistri
653 901 663 934 3
692 899 773 937 quo
793 887 837 925 fit
855 894 898 925 ut
917 900 1049 926 veram
1068 886 1176 925 illam
1192 894 1230 925 et
1244 886 1469 926 absolutam

137 948 406 997 eloquentiam
430 963 550 989 nemo
575 959 851 1002 consequatur,
874 952 984 1002 quod
1006 950 1082 990 alia
1109 950 1365 1002 intellegendi
1393 951 1470 991 alia

136 1011 297 1051 dicendi
326 1013 536 1065 disciplina
564 1023 623 1055 est
651 1023 691 1056 et
718 1017 770 1056 ab
798 1016 883 1056 aliis
912 1030 1041 1055 rerum
1069 1015 1121 1054 ab
1146 1015 1231 1054 aliis
1257 1016 1468 1055 verborum

136 1077 317 1116 doctrina
346 1080 554 1129 quaeritur.
614 1082 756 1132 Itaque
791 1083 848 1120 M.
879 1081 1090 1129 Antonius,
1121 1081 1185 1120 cui
1222 1083 1283 1120 vel
1322 1081 1468 1132 primas

78 1152 116 1185 15
136 1142 387 1192 eloquentiae
419 1152 574 1196 patrum
605 1154 829 1186 nostrorum
863 1146 1061 1185 tribuebat
1090 1154 1208 1194 aetaS,
1240 1145 1296 1185 vir
1329 1154 1469 1186 natura

30 1201 34 1204 ’
135 1215 344 1258 peracutus
382 1216 421 1248 et
457 1211 642 1260 prudens,
683 1211 724 1250 in
761 1225 810 1251 eo
847 1210 948 1250 libro
986 1224 1106 1261 quern
1144 1224 1269 1249 unum
1310 1211 1467 1262 reliquit

134 1271 301 1312 disertos
320 1273 374 1312 ait
394 1287 436 1314 se
454 1274 600 1315 vidisse
620 1278 777 1325 multos,
792 1278 1047 1327 eloquentem
1064 1275 1229 1315 omnino
1249 1275 1463 1316 neminem.

135 1337 343 1378 Insidebat
361 1338 544 1379 videlicet
564 1340 604 1379 in
624 1340 708 1381 eius
729 1348 863 1380 mente
882 1340 1034 1391 species
1060 1339 1322 1391 eloquentiae,
1345 1354 1465 1391 quam

10 1443 38 1456 ,a
135 1403 321 1442 cernebat
345 1404 492 1453 animo,
514 1419 554 1445 re
582 1406 668 1456 ipsa
686 1420 768 1445 non
787 1406 959 1446 videbat.
1018 1405 1089 1444 Vir
1114 1412 1248 1445 autem
1273 1405 1465 1446 acerrimo

72 1476 114 1501 ²0
132 1466 404 1518 ingenio—sic
426 1470 533 1509 enim
553 1471 807 1511 fuit—multa
825 1479 863 1511 et
883 1471 924 1510 in
945 1484 986 1510 se
1006 1478 1046 1510 et
1064 1470 1106 1509 in
1125 1470 1210 1510 aliis
1234 1470 1464 1510 desiderans

19 1521 42 1537 ¹*
132 1532 334 1572 neminem
354 1536 472 1584 plane
492 1535 560 1586 qui
580 1544 685 1576 recte
705 1536 893 1587 appellari
912 1538 1104 1587 eloquens
1123 1543 1258 1586 posset
1278 1534 1439 1574 videbat
1452 1550 1463 1584 3

131 1598 241 1647 quod
271 1597 304 1636 si
334 1598 398 1638 ille
429 1613 503 1639 nec
537 1614 579 1640 se
612 1615 687 1640 nec
720 1603 765 1641 L.
794 1603 981 1642 Crassum
1012 1603 1267 1651 eloquentem
1298 1600 1460 1651 putavit,

130 1662 269 1701 habuit
306 1665 484 1714 profecto
522 1668 850 1717 comprehensam
887 1666 1022 1705 animo
1053 1667 1255 1716 quandam
1293 1667 1461 1704 formam

0 1769 1 1777 ἵ
131 1727 392 1778 eloquentiae,
423 1730 487 1768 cui
516 1731 705 1781 quoniam
734 1731 832 1770 nihil
861 1733 1006 1778 deerat,
1037 1744 1106 1770 eos
1135 1730 1280 1781 quibus
1310 1730 1461 1781 aliquid

0 1779 2 1824 Ῐ
31 1811 32 1814 ’
70 1799 108 1832 ²5
127 1799 196 1830 aut
229 1794 340 1843 plura
368 1795 531 1835 deerant
560 1795 601 1834 in
632 1810 720 1836 eam
753 1798 920 1836 formam
951 1810 1034 1836 non
1064 1803 1216 1846 poterat
1244 1795 1458 1836 includere.

129 1856 418 1908 Investigemus
438 1860 545 1899 hunc
565 1860 690 1912 igitur,
724 1863 854 1909 Brute,
886 1861 918 1900 si
946 1874 1169 1912 possumus,
1199 1874 1320 1911 quem
1348 1874 1461 1900 num-

127 1933 247 1972 quam
270 1922 368 1962 vidit
387 1925 587 1964 Antonius
615 1933 683 1965 aut
709 1926 776 1977 qui
799 1926 964 1966 omnino
990 1927 1121 1964 nullus
1147 1939 1338 1975 umquam
1362 1925 1435 1964 fuit
1448 1940 1459 1974 ς

126 1999 245 2037 quem
268 1987 301 2026 si
320 1987 460 2028 imitari
485 1998 605 2041 atque
628 1991 844 2042 exprimere
870 2005 952 2030 non
975 2003 1197 2042 possumuS,
1220 1990 1330 2040 quod
1350 1989 1458 2029 idem

125 2050 191 2091 ille
215 2051 279 2091 vix
307 2054 385 2093 deo
414 2067 650 2094 concessum
679 2069 766 2095 esse
793 2055 963 2105 dicebat,
985 2063 1025 2095 at
1050 2055 1176 2106 qualis
1203 2068 1289 2094 esse
1312 2055 1458 2095 debeat

65 2134 109 2166 30
125 2117 342 2167 poterimus
361 2119 525 2159 fortasse
545 2120 686 2160 dicere.

167 2219 188 2250 5
211 2210 320 2243 dicam
343 2211 410 2244 secl.
436 2211 563 2254 Stangl
689 2214 711 2245 6
733 2214 878 2245 orationi
903 2213 992 2251 vulg.
1005 2224 1012 2244 :
1047 2212 1212 2245 orationis
1244 2211 1273 2243 L
1287 2223 1294 2243 :
1330 2215 1455 2244 oratori

122 2251 257 2285 Ernesti
326 2255 407 2294 quid
420 2256 463 2286 de
475 2256 544 2288 vita
554 2255 690 2297 Sandys
702 2268 710 2288 t
726 2257 792 2288 iam
803 2258 845 2289 de
857 2257 926 2289 vita
937 2256 1051 2288 Nixon
1065 2267 1072 2288 ε
1098 2266 1176 2288 nam
1194 2256 1237 2287 de
1253 2255 1323 2287 vita
1333 2255 1459 2287 Piderit

125 2305 144 2336 7
167 2298 297 2329 satisne
313 2298 418 2331 Reid:
442 2300 486 2331 de
501 2300 623 2339 quibus
640 2300 722 2331 nihil
737 2301 812 2332 sine
830 2300 987 2333 Schenkl:
1011 2300 1240 2340 quidquamne
1255 2299 1346 2330 Bake
1432 2300 1454 2332 8

124 2345 253 2380 potest!
279 2343 341 2373 sed
358 2343 401 2373 ad
419 2343 608 2375 Lambinus
622 2347 652 2374 et
664 2343 816 2385 Sauppe:
840 2354 942 2386 posse
959 2344 1002 2376 ad
1026 2343 1056 2375 L
1155 2354 1205 2383 ιο,
1228 2352 1264 2374 11
1289 2353 1377 2384 quae
1394 2366 1402 2375 .
1420 2367 1427 2375 .
1445 2367 1453 2375 .

123 2383 276 2423 magistri
285 2386 354 2417 secl.
365 2385 497 2427 Kayser
549 2397 589 2418 10
606 2391 677 2419 tum
687 2388 824 2428 quidem
837 2387 866 2418 L
885 2400 893 2420 ι
915 2389 981 2419 iam
995 2387 1126 2428 pridem
1139 2385 1289 2418 Vollbehr
1348 2395 1399 2427 15,
1412 2388 1452 2418 16

122 2426 176 2458 vir
190 2450 199 2459 .
215 2450 223 2460 .
240 2451 248 2461 .
265 2429 419 2470 prudens
441 2430 509 2463 secl.
526 2430 618 2463 Bake
750 2441 789 2472 19
812 2441 884 2464 rem
901 2432 1008 2472 ipsam
1033 2431 1154 2464 maluit
1166 2429 1258 2462 Bake
1318 2473 1360 2507 8*

1493 132 1535 165 16

1488 668 1513 708 5

1494 729 1530 760 17

1491 1081 1528 1112 18

1484 1611 1524 1645 ¹9
