1630 2730
693 183 912 223 BRVTVS
1352 159 1360 167 ’
1431 193 1475 235 17
1490 191 1534 224 68

139 293 299 335 dicendi
330 307 371 334 se
404 296 576 346 gaudere
606 295 756 335 dicunt.
814 295 1019 347 Sapienter
1052 295 1093 335 id
1124 296 1287 347 quidem
1302 311 1313 345 ,·
1348 305 1468 348 atque

139 359 289 399 utinam
309 359 563 409 imitarentur,
592 374 666 400 nec
692 374 782 400 ossa
807 363 936 401 solum
966 362 1036 401 sed
1063 361 1180 401 etiam
1208 362 1468 413 sanguinem!

139 426 304 464 Gratum
329 433 387 464 est
413 433 546 465 tamen
573 427 683 477 quod
709 428 1000 467 volunt.-—Cur
1024 426 1140 478 igitur
1160 427 1296 478 Lysias
1326 435 1365 467 et
1386 430 1469 478 Hy-

138 490 293 541 perides
325 499 489 539 amatur,
521 505 613 530 cum
647 491 805 543 penitus
839 492 1039 543 ignoretur
1068 493 1203 533 Cato?
1254 492 1469 543 Antiquior

99 562 117 593 5
137 563 197 595 est
225 556 342 596 huius
373 570 503 596 sermo
532 564 571 596 et
599 559 797 608 quaedam
827 558 1046 597 horridiora
1075 558 1204 597 verba.
1265 560 1327 597 Ita
1360 558 1467 597 enim

137 629 221 660 tum
252 623 528 672 loquebantur.
587 624 637 662 Id
666 631 790 671 muta,
810 625 920 673 quod
950 631 1034 662 tum
1060 623 1124 663 ilI'e
1151 637 1234 663 non
1257 623 1398 675 potuit,
1429 631 1468 663 et

135 687 241 726 adde
260 701 446 726 numeros
467 695 506 726 et
526 693 572 726 ut
588 688 717 739 aptior
737 687 786 727 sit
806 688 942 736 oratio,
958 688 1043 739 ipsa
1061 689 1182 728 verba
1205 702 1405 740 compone
1427 696 1466 728 et

136 751 248 801 quasi
271 760 518 803 coagmenta,
538 755 648 803 quod
674 767 725 793 ne
746 753 888 793 Graeci
914 754 1077 804 quidem
1096 762 1246 794 veteres
1269 754 1467 794 factitave-

136 825 249 856 runt:
278 817 353 857 iam
386 818 586 858 neminem
613 827 833 870 antepones
859 818 1016 859 Catoni.
1074 819 1217 859 Ornari
1245 819 1464 859 orationem
1483 825 1526 869 69

80 899 119 921 10
137 883 278 922 Graeci
306 891 457 935 putant,
487 883 520 922 si
547 885 758 924 verborum
786 884 1130 924 immutationibus
1163 893 1332 933 utantur,
1364 899 1465 936 quos

135 950 336 999 appellant
355 950 524 1000 τρόπους,
544 957 584 989 et
603 950 887 990 sententiarum
907 949 1175 1001 orationisque
1194 951 1340 998 formis,
1363 964 1466 1001 quae

135 1022 279 1053 vocant
307 1017 510 1066 σχήματα;
541 1029 622 1054 non
649 1015 729 1054 veri
757 1015 884 1054 simile
913 1023 971 1054 est
1000 1029 1119 1065 quam
1149 1015 1198 1055 sit
1227 1016 1268 1055 in
1296 1024 1464 1067 utroque

135 1091 278 1129 genere
297 1088 335 1119 et
355 1082 491 1120 creber
514 1088 553 1120 et
576 1080 784 1120 distinctus
806 1082 918 1121 Cato.
978 1082 1065 1120 Nec
1088 1094 1180 1120 vero
1206 1081 1344 1133 ignoro
1367 1095 1464 1121 non·
1480 1081 1525 1118 18

137 1145 233 1183 dum
262 1159 349 1185 esse
374 1146 466 1185 satis
492 1146 661 1197 politum
685 1147 792 1185 hunc
812 1154 1007 1186 oratorem
1028 1154 1066 1186 et
1086 1148 1358 1197 quaerendum
1378 1160 1465 1187 esse

79 1221 118 1256 ¹⁵
136 1209 286 1260 aliquid
310 1211 520 1262 perfectius
534 1226 545 1260 3
573 1211 721 1262 quippe
741 1225 832 1250 curn
853 1211 907 1250 ita
927 1211 976 1250 sit
995 1213 1046 1251 ad
1067 1220 1292 1251 nostrorum
1316 1220 1467 1263 tempo-

135 1288 222 1314 rum
235 1276 428 1315 rationem
441 1285 553 1316 vetus
557 1284 617 1326 ,ut
630 1276 775 1315 nullius
788 1277 976 1327 scriptum
991 1284 1116 1316 exstet
1128 1276 1294 1327 dignum
1303 1277 1466 1327 quidem

135 1340 305 1380 lectione
334 1343 443 1392 quod
471 1342 520 1381 sit
543 1341 755 1393 antiquius.
815 1343 894 1381 Sed
925 1342 1071 1381 maiore
1100 1343 1252 1382 honore
1278 1342 1319 1381 in
1343 1342 1467 1381 omni-

135 1405 209 1444 bus
228 1406 376 1446 artibus
394 1421 514 1458 quam
530 1407 571 1446 in
586 1408 662 1446 hac
677 1421 757 1446 una
771 1415 853 1446 arte
869 1407 1030 1447 dicendi
1045 1414 1219 1447 versatur
1237 1407 1462 1458 antiquitas.

136 1470 236 1520 Quis
262 1471 367 1510 enim
394 1485 531 1511 eorum
557 1472 626 1523 qui
651 1474 750 1512 haec
776 1472 930 1512 minora
956 1473 1275 1512 animadvertunt
1303 1486 1385 1511 non
1409 1472 1465 1511 in·
1485 1481 1525 1516 70

77 1551 119 1576 20
136 1536 283 1587 tellegit
303 1537 480 1577 Canachi
506 1537 616 1589 signa
639 1537 823 1589 rigidiora
842 1551 928 1577 esse
948 1551 1068 1589 quam
1088 1545 1131 1577 ut
1150 1537 1352 1577 imitentur
1371 1537 1465 1577 veri-

135 1608 255 1641 tatem
273 1617 283 1650 ;
322 1602 539 1642 Calamidis
573 1604 671 1642 dura
704 1603 771 1642 illa
798 1603 974 1654 quidem,
1003 1604 1074 1642 sed
1112 1611 1246 1642 tamen
1285 1603 1466 1642 molliora

134 1679 254 1716 quam
268 1668 445 1708 Canachi
459 1683 469 1717 ς
498 1669 679 1707 nondum
694 1668 873 1718 Myronis
889 1669 981 1707 satis
995 1670 1047 1708 ad
1060 1669 1263 1708 veritatem
1278 1669 1463 1710 adducta,

135 1730 214 1770 iam
247 1740 380 1771 tamen
412 1746 514 1783 quae
545 1746 628 1771 non
661 1733 820 1772 dubites
854 1734 1019 1784 pulchra
1049 1733 1181 1772 dicere
1198 1748 1209 1782 3
1242 1733 1466 1784 pulchriora

135 1796 253 1835 etiam
275 1797 454 1847 Polycliti
474 1805 512 1836 et
532 1797 609 1836 iam
630 1799 747 1848 plane
767 1799 950 1848 perfecta,
972 1805 1016 1836 ut
1042 1797 1140 1836 mihi
1159 1797 1323 1848 quidem
1343 1798 1466 1838 videri

77 1875 115 1909 25
135 1864 292 1902 solent?
344 1863 489 1902 Similis
505 1863 545 1901 in
562 1864 714 1914 pictura
729 1863 827 1903 ratio
847 1872 930 1912 est;
959 1863 998 1902 in
1012 1877 1092 1914 qua
1111 1864 1272 1903 Zeuxim
1294 1872 1333 1903 et
1354 1866 1465 1915 Poly-

134 1935 299 1978 gnotum
329 1936 368 1967 et
399 1928 656 1967 Timanthem
691 1937 730 1968 et
761 1942 909 1977 eorum,
946 1928 1014 1979 qui
1046 1943 1127 1968 non
1162 1937 1254 1968 sunt
1285 1929 1345 1968 usi
1376 1931 1464 1980 plus

134 2006 253 2044 quarn
280 2001 467 2043 quattuor
494 1993 704 2041 coloribus,
733 1995 878 2033 formas
908 2002 946 2033 et
975 1994 1204 2033 liniamenta
1232 1996 1440 2035 laudamus
1454 2010 1465 2044 3

133 2065 173 2097 at
201 2057 242 2096 in
268 2058 439 2097 Aetione
468 2058 719 2098 Nicomacho
754 2061 975 2110 Protogene
1003 2060 1145 2110 Apelle
1178 2059 1254 2098 iam
1291 2061 1464 2111 perfecta

135 2131 227 2162 sunt
246 2123 391 2162 omnia.
451 2126 502 2163 Et
524 2124 658 2164 nescio
678 2138 729 2163 an
750 2124 908 2175 reliquis
937 2125 977 2163 in
1004 2125 1120 2164 rebus
1146 2125 1333 2165 omnibus
1354 2125 1462 2166 idem
1483 2141 1518 2176 71

75 2203 118 2236 30
135 2188 315 2229 eveniat:
349 2189 447 2228 nihil
476 2197 534 2229 est
567 2189 673 2229 enim
703 2190 820 2229 simul
848 2198 887 2229 et
915 2190 1120 2229 inventum
1149 2198 1189 2230 et
1221 2192 1439 2242 perfectum
1454 2207 1465 2242 3

176 2302 196 2332 3
219 2297 351 2332 gratum
369 2317 376 2325 .
398 2317 406 2325 .
425 2317 433 2325 .
453 2292 573 2324 volunt
598 2293 666 2326 secl.
685 2293 860 2325 Eberhard
1013 2305 1030 2333 7
1056 2300 1091 2326 ut
1107 2294 1180 2326 addi
1198 2295 1291 2336 vulg.
1426 2306 1466 2328 10

133 2340 268 2367 utamur
293 2337 413 2367 maluit
435 2336 562 2377 Stangl
781 2347 819 2376 13
844 2338 963 2369 creber
990 2343 1025 2370 et
1048 2338 1082 2369 F
1084 2338 1170 2370 ²M³:
1205 2339 1360 2370 creberet
1387 2339 1464 2371 M1:

133 2379 272 2411 crebere
288 2379 390 2412 F¹G:
415 2380 532 2411 crebre
554 2380 646 2413 codd.
736 2391 773 2421 15
798 2382 923 2421 quippe
940 2406 947 2413 .
970 2404 977 2412 .
994 2406 1002 2414 .
1022 2382 1194 2423 antiquius
1208 2383 1277 2415 secl.
1295 2383 1470 2414 Eberhard

135 2433 172 2462 ¹7
197 2423 325 2455 maiore
341 2424 375 2454 in
392 2424 525 2455 honore
556 2423 690 2465 Sauppe
835 2426 873 2455 18
895 2429 968 2456 arte
991 2425 1060 2457 secl.
1082 2426 1170 2467 vulg.
1263 2427 1467 2459 observatur

132 2466 285 2498 Bdhrens
428 2478 469 2507 24
493 2467 595 2500 etiam
613 2468 674 2500 FO
688 2479 753 2500 om.
772 2469 860 2510 vulg.
961 2474 995 2500 et
1013 2469 1079 2501 iam
1097 2469 1140 2502 Ο2
1155 2469 1210 2502 al:
1234 2471 1335 2502 etiam
1352 2471 1441 2514 vulg.

1336 2521 1378 2554 2*
