1696 2730
142 153 195 202 38
218 169 277 202 132
571 153 630 191 M.
669 152 841 191 TVLLI
880 152 1190 193 CICERONIS

213 280 356 314 carem,
392 279 467 305 nec
498 264 538 305 in
572 264 735 305 veritate
768 263 916 305 crimen
951 264 1197 317 arrogantiae
1230 263 1551 314 extimescerem;

214 334 296 379 sed,
323 339 366 371 ut
395 346 512 382 supra
542 331 637 381 dixi,
660 333 769 370 nulla
799 345 864 370 me
894 330 1028 382 ingeni
1059 332 1130 370 sed
1161 344 1305 382 magna
1335 330 1391 370 vis
1428 330 1550 370 animi

213 397 447 447 inflammat,
476 405 519 436 ut
549 411 613 436 me
646 397 731 448 ipse
764 410 846 436 non
878 404 1061 452 teneam3
1094 410 1169 436 nee
1199 410 1391 448 umquam
1421 397 1454 436 is
1483 396 1552 448 qui

213 463 367 503 audiret
393 463 682 511 incenderetur,
705 462 780 501 nisi
806 463 949 502 ardens
976 463 1027 501 ad
1051 475 1143 501 eum
1166 462 1387 513 perveniret
1413 462 1548 502 oratio.

213 531 354 568 Vterer
387 528 576 579 exemplis
606 527 846 575 domesticis,
876 527 952 567 nisi
983 541 1029 567 ea
1058 527 1232 578 legisses,
1258 535 1387 567 uterer
1414 527 1552 568 alienis
1571 534 1590 568 5

212 597 275 634 vel
302 594 465 642 Latinis,
492 594 523 633 si
547 595 627 633 ulla
655 593 876 645 reperirem,
899 595 961 633 vel
988 593 1162 642 Graecis,
1188 593 1220 632 si
1245 595 1413 634 deceret.
1473 595 1553 634 Sed

215 660 347 701 Crassi
370 673 568 711 perpauca
592 667 684 698 sunt
704 673 779 698 nec
808 672 855 699 ea
878 658 1128 707 iudiciorum,
1151 658 1250 698 nihil
1268 659 1436 709 Antoni,
1455 659 1554 699 nihil

213 727 368 773 Cottae,
391 725 489 764 nihil
514 724 688 776 Sulpici3
716 724 876 764 dicebat
896 725 1037 764 melius
1058 738 1178 775 quam
1206 724 1360 776 scripsit
1382 727 1555 765 Horten-

133 802 195 834 133
212 791 304 831 sius.
362 793 513 830 Verum
542 791 641 829 haec
667 790 738 839 vis,
762 803 883 840 quam
913 789 1150 841 quaerimus,
1178 798 1328 841 quanta
1355 790 1405 830 sit
1431 789 1554 842 suspi-

212 871 358 905 cemur,
388 856 578 907 quoniam
611 857 837 906 exemplum
866 869 949 895 non
978 856 1184 903 habemus,
1214 863 1284 895 aut
1311 856 1344 895 si
1372 858 1554 908 exempla
1572 873 1613 897 10

211 923 425 973 sequimur,
458 936 482 960 a
515 922 790 961 Demosthene
827 934 1031 960 sumamus
1069 928 1108 960 et
1142 920 1306 972 quidem
1338 929 1554 973 perpetuae

212 987 400 1027 dictionis
433 1001 481 1026 ex
510 1000 558 1026 eo
587 989 678 1026 loco
707 988 815 1026 unde
844 986 885 1026 in
914 985 1187 1037 Ctesiphontis
1216 986 1365 1027 iudicio
1394 988 1446 1027 de
1474 988 1554 1028 suis

211 1053 337 1101 factis,
362 1052 552 1101 consiliis,
578 1051 726 1091 meritis
758 1051 799 1090 in
829 1065 912 1091 rem
943 1051 1145 1103 publicam
1173 1053 1381 1104 adgressus
1412 1060 1471 1093 est
1499 1053 1555 1093 di-

213 1132 312 1159 cere.
372 1120 432 1157 Ea
451 1119 629 1170 profecto
653 1116 779 1156 oratio
805 1117 846 1156 in
870 1131 957 1156 earn
985 1118 1153 1156 sormam
1173 1131 1276 1168 quae
1299 1126 1358 1157 est
1377 1118 1494 1158 insita
1512 1118 1554 1158 in

213 1183 415 1223 mentibus
445 1183 589 1223 nostris
612 1182 764 1222 includi
791 1182 847 1222 sic
873 1189 1014 1234 potest,
1037 1189 1081 1222 ut
1101 1182 1226 1222 maior
1251 1183 1479 1235 eloquentia
1502 1198 1553 1224 ne
1573 1203 1612 1237 15

213 1249 433 1300 requiratur
453 1249 627 1300 quidem.

132 1292 196 1385 1333
270 1317 350 1354 Sed
375 1315 455 1353 iam
481 1316 608 1354 forma
635 1311 755 1367 [ipsa]
782 1320 902 1353 restat
928 1320 968 1354 et
989 1314 1184 1366 χαρακτὴρ
1205 1313 1271 1354 ille
1294 1314 1363 1366 qui
1386 1314 1531 1355 dicitur
1545 1330 1555 1364 3

214 1380 284 1432 qui
308 1380 435 1431 qualis
461 1393 548 1419 esse
576 1380 722 1419 debeat
751 1393 799 1418 ex
827 1378 888 1418 his
918 1393 1021 1430 quae
1050 1393 1168 1431 supra
1193 1380 1299 1419 dicta
1328 1388 1420 1420 sunt
1445 1380 1556 1421 intel-

213 1446 291 1497 legi
313 1452 455 1497 potest.
515 1446 620 1484 Nam
641 1452 680 1484 et
701 1444 943 1495 singulorum
964 1445 1175 1485 verborum
1196 1452 1235 1485 et
1254 1447 1553 1486 conlocatorum

213 1511 366 1550 lumina
391 1510 616 1562 attigimus3
648 1510 793 1561 quibus
823 1509 879 1549 sic
904 1510 1137 1559 abundabit,
1160 1518 1203 1550 ut
1222 1512 1388 1551 verbum
1413 1525 1461 1551 ex
1487 1525 1554 1552 ore
1574 1528 1615 1552 20

213 1579 368 1617 nullum
393 1576 468 1616 nisi
488 1584 556 1616 aut
575 1577 734 1628 elegans
760 1584 828 1615 aut
847 1590 964 1627 grave
987 1584 1109 1625 exeat,
1132 1591 1180 1616 ex
1203 1576 1393 1629 omnique
1412 1591 1555 1630 genere

213 1642 556 1694 frequentissimae
582 1641 858 1681 translationes
878 1649 1003 1689 erunt,
1027 1643 1137 1693 quod
1157 1656 1227 1682 eae
1246 1650 1406 1694 propter
1425 1643 1556 1683 simili-

214 1708 395 1748 tudinem
424 1708 664 1746 transferunt
691 1706 847 1746 animos
877 1714 916 1746 et
945 1708 1118 1747 referunt
1145 1721 1192 1747 ac
1221 1716 1384 1748 movent
1409 1710 1488 1749 huc
1517 1716 1556 1749 et

213 1774 318 1821 illuc,
337 1773 406 1825 qui
425 1781 558 1812 motus
581 1772 831 1824 cogitationis
851 1772 1028 1812 celeriter
1045 1773 1213 1824 agitatus
1235 1787 1306 1825 per
1325 1788 1367 1814 se
1386 1774 1471 1826 ipse
1490 1776 1556 1815 de-

213 1840 343 1878 lectat.
392 1840 444 1877 Et
463 1838 614 1889 reliqua
633 1851 680 1877 ex
700 1837 978 1877 conlocatione
996 1838 1207 1878 verborum
1223 1853 1326 1890 quae
1345 1847 1554 1880 sumuntur
1572 1858 1611 1891 25

215 1903 329 1956 quasi
367 1903 519 1942 lumina
556 1917 744 1955 magnum
782 1904 967 1943 adferunt
1004 1911 1188 1943 ornatum
1230 1904 1399 1945 orationi
1414 1920 1426 1955 3
1462 1913 1556 1945 sunt

216 1969 323 2009 enim
357 1968 500 2008 similia
529 1968 604 2008 illis
638 1982 741 2020 quae
770 1968 811 2007 in
841 1970 977 2020 amplo
1009 1977 1150 2008 ornatu
1183 1983 1351 2010 scaenae
1382 1978 1451 2010 aut
1483 1970 1558 2011 fori

215 2036 465 2086 appellantur
487 2034 669 2085 insignia,
689 2048 771 2074 non
798 2034 892 2086 quia
918 2036 1002 2074 sola
1028 2043 1180 2084 ornent,
1203 2037 1274 2076 sed
1298 2037 1408 2087 quod
1434 2038 1558 2076 excel-

135 2113 197 2146 135
216 2102 310 2139 lant.
371 2101 525 2140 Eadem
554 2100 653 2139 ratio
683 2108 742 2139 est
767 2102 910 2140 horum
938 2114 1040 2151 quae
1069 2108 1161 2140 sunt
1190 2101 1378 2142 orationis
1405 2101 1557 2142 lumina

217 2174 256 2206 et
272 2167 447 2217 quodam
468 2166 592 2204 modo
611 2165 802 2217 insignia:
827 2179 918 2205 cum
939 2173 1007 2205 aut
1022 2166 1275 2218 duplicantur
1289 2167 1557 2219 iteranturque
1576 2184 1617 2215 30

216 2232 337 2271 verba
356 2238 423 2270 aut
442 2230 579 2270 leviter
598 2239 844 2271 commutata
871 2239 1085 2283 ponuntur,
1106 2239 1174 2271 aut
1199 2233 1252 2272 ab
1271 2234 1415 2273 eodem
1434 2233 1556 2273 verbo

265 2338 279 2359 1
305 2329 584 2369 pertimescerem
616 2329 649 2360 A
843 2341 862 2371 4
887 2330 1002 2362 audiet
1025 2330 1230 2362 incendetur
1259 2353 1267 2362 .
1297 2354 1306 2364 .
1337 2354 1345 2365 .
1377 2331 1556 2372 perveniet

217 2372 311 2406 Bake
440 2383 462 2412 9
484 2374 697 2413 suspicamur
711 2373 746 2404 A
884 2384 923 2415 15
947 2385 1016 2406 non
1032 2374 1223 2415 requiratur
1238 2372 1268 2404 L
1403 2384 1442 2414 17
1480 2375 1556 2416 ipsa

217 2427 285 2448 om.
307 2415 341 2447 A
479 2418 518 2448 18
541 2417 594 2448 his
619 2417 652 2448 A
673 2428 680 2449 :
714 2418 799 2458 ipsis
825 2417 877 2450 L:
915 2418 957 2450 iis
981 2418 1065 2459 ipsis
1092 2417 1282 2449 Lambinus
1412 2418 1455 2449 28
1477 2417 1556 2459 quia

217 2459 252 2491 A
279 2463 310 2491 et
335 2459 474 2500 Quintil.
500 2460 546 2493 ix.
572 2471 599 2502 1,
619 2471 660 2501 37
679 2471 687 2493 t
709 2462 802 2501 quod
822 2461 850 2492 L
939 2471 979 2502 31
1004 2461 1126 2493 leviter
1144 2461 1278 2493 Ernesti
1299 2461 1351 2503 (qfi
1374 2460 1497 2494 Gesner
1509 2462 1558 2494 ad

218 2503 358 2546 Quintil.
378 2502 424 2536 ix,
447 2514 475 2546 1,
494 2504 552 2547 38)
567 2515 574 2536 ε
599 2504 750 2537 breviter
764 2504 832 2537 AL
846 2504 986 2547 Quintil,
1003 2517 1012 2540 ς
1035 2505 1087 2538 bis
1102 2505 1252 2538 breviter
1266 2504 1425 2548 Pluygers
