1630 2730
669 167 888 206 BRVTVS
1018 168 1022 171 ·
1388 177 1447 217 49

112 279 249 320 artifex
267 279 408 331 aliquis
429 278 632 319 iudicabit.
691 278 893 319 Efficiatur
911 286 1044 318 autem
1065 278 1117 318 ab
1132 279 1285 318 oratore
1305 292 1443 327 necne,

113 353 156 385 ut
174 344 211 385 ei
229 345 299 395 qui
317 344 486 384 audiunt
504 343 558 383 ita
580 343 800 383 afficiantur
815 351 859 383 ut
878 352 1009 383 orator
1028 343 1132 391 velit,
1148 343 1253 394 vulgi
1273 345 1445 383 adsensu

0 442 19 459 ⁷„
113 417 152 451 et
176 409 357 462 populari
382 409 670 460 adprobatione
696 409 861 449 iudicari
887 411 997 448 solet.
1058 411 1199 460 Itaque
1225 423 1445 460 numquam

0 470 20 527 ξ
52 518 57 522 ,
112 476 164 516 de
182 475 292 514 bono
306 482 459 514 oratore
477 482 545 514 aut
564 488 646 514 non
666 475 775 514 bono
787 474 915 514 doctis
935 474 1164 514 hominibus
1183 487 1275 514 curn
1295 476 1446 526 populo

0 529 21 595 ἓ,
76 557 94 589 5
113 536 306 581 dissensio
339 540 423 579 fuit.
485 542 552 579 An
585 553 734 588 censes,
767 541 865 579 dum
898 539 954 578 illi
984 539 1191 590 viguerunt
1224 553 1324 591 quos
1354 548 1446 580 ante

0 598 10 679 ἐ
113 606 205 654 dixi,
219 619 301 646 non
316 607 481 646 eosdem
500 607 644 656 gradus
664 613 863 644 oratorum
884 605 989 656 vulgi
1009 605 1157 645 iudicio
1177 613 1216 644 et
1235 607 1446 645 doctorum

113 671 232 711 fuisse
244 673 262 710 ?
318 673 381 710 De
400 672 550 721 populo
569 670 602 709 si
622 684 742 721 quern
761 670 816 709 ita
841 670 1057 721 rogavisses
1073 686 1081 710 :
1111 670 1212 720 Quis
1233 678 1292 710 est
1311 670 1352 709 in
1371 672 1447 711 hac

113 736 272 776 civitate
291 735 670 787 eloquentissimus?
698 735 739 774 in
752 736 931 775 Antonio
946 743 985 775 et
998 737 1142 776 Crasso
1161 744 1229 775 aut
1248 736 1447 776 dubitaret

113 809 182 841 aut
201 803 308 841 hunc
326 801 436 849 alius,
451 801 563 840 illum
582 800 682 840 alius
701 800 860 840 diceret.
911 802 1096 841 Nemone
1117 801 1346 853 Philippum
1365 809 1446 841 tam

58 887 99 911 10
115 880 275 907 suavem
305 874 512 915 oratorem,
535 874 616 905 tam
644 880 816 918 gravem,
836 874 915 905 tarn
943 868 1115 906 facetum
1141 867 1202 906 his
1225 869 1447 916 anteferret,

115 945 235 983 quem
255 939 412 970 nosmet
431 931 516 982 ipsi,
539 930 607 982 qui
627 932 726 970 haec
745 938 827 970 arte
853 932 985 982 aliqua
1003 933 1186 971 volumus
1210 933 1444 984 expendere,

115 996 339 1048 proximum
365 996 440 1035 illis
469 995 589 1035 fuisse
617 996 820 1035 diximus?
877 998 1009 1036 Nemo
1034 999 1238 1047 profect03
1269 998 1311 1037 id
1340 997 1447 1037 enim

116 1061 244 1113 ipsum
266 1068 325 1100 est
345 1061 489 1100 summi
510 1061 673 1101 oratoris
699 1075 899 1100 summum
921 1069 1117 1101 oratorem
1142 1064 1292 1114 populo
1311 1062 1445 1102 videri.

118 1128 210 1177 Qua
228 1139 268 1166 re
289 1126 435 1165 tibicen
451 1125 713 1177 Antigenidas
733 1126 872 1165 dixerit
893 1126 1088 1178 discipulo
1109 1141 1203 1167 sane
1222 1127 1377 1178 frigenti
1395 1128 1447 1167 ad

10 1231 11 1234 ,
61 1211 100 1244 ¹5
117 1193 332 1244 populum:
363 1191 467 1230 Mihi
495 1205 594 1231 cane
619 1199 658 1230 et
680 1191 807 1230 Musis
821 1206 832 1240 3
861 1205 935 1242 ego
961 1192 1053 1231 huic
1075 1195 1198 1232 Bruto
1223 1193 1383 1241 dicenti,
1404 1201 1448 1231 ut

10 1247 15 1249 ⁸
39 1250 42 1251 ⁷
118 1258 228 1305 solet,
248 1257 356 1308 apud
385 1256 692 1304 multitudinem,
717 1256 820 1295 Mihi
848 1270 946 1296 cane
975 1265 1014 1296 et
1042 1260 1203 1308 populo,
1230 1258 1285 1297 mi
1314 1261 1449 1306 Brute,

117 1322 292 1370 dixerim,
323 1329 367 1361 ut
397 1321 466 1372 qui
497 1321 661 1361 audient
693 1321 798 1372 quid·
824 1322 1022 1370 efficiatur,
1056 1336 1129 1374 ego
1159 1323 1278 1362 etiam
1308 1337 1378 1362 cur
1407 1322 1448 1362 id

119 1387 308 1428 efficiatur
336 1387 573 1437 intellegam.
632 1385 769 1426 Credit
798 1385 853 1425 eis
887 1399 989 1437 quae
1022 1387 1207 1426 dicuntur
1240 1387 1308 1438 qui
1337 1386 1449 1426 audit

12 1502 22 1506 „
119 1460 324 1501 oratorem,
346 1465 437 1492 vera
464 1459 586 1503 putat,
607 1451 827 1491 adsentitur
854 1453 1007 1502 probat,
1029 1454 1150 1492 fidem
1178 1453 1271 1492 facit
1299 1453 1448 1496 oratio:

11 1542 49 1570 rr·
61 1537 101 1562 ,ο
120 1525 162 1557 tu
180 1517 316 1557 artifex
335 1517 432 1568 quid
452 1516 607 1568 quaeris
626 1516 795 1567 amplius
810 1519 828 1556 ?
885 1519 1115 1557 Delectatur
1132 1518 1298 1558 audiens
1322 1518 1450 1572 mul-ti-

14 1570 45 1631 ξ
120 1584 218 1623 tudo
238 1590 277 1622 et
296 1582 454 1622 ducitur
479 1582 657 1622 oratione
683 1589 722 1621 et
741 1582 854 1633 quasi
873 1584 1075 1634 voluptate
1095 1585 1269 1634 quadam
1295 1586 1451 1634 perfun-

120 1649 247 1689 ditur:
290 1648 387 1699 quid
420 1648 543 1687 habes
577 1649 686 1698 quod
725 1647 934 1698 disputes?
1001 1650 1160 1688 Gaudet
1197 1651 1317 1698 dolet,
1349 1650 1450 1690 ridet

121 1716 258 1766 plorat,
284 1715 387 1752 favet
416 1713 511 1760 odit,
540 1712 760 1752 contemnit
788 1713 950 1761 invidet,
977 1715 1029 1753 ad
1058 1714 1366 1754 misericordiam
1395 1715 1451 1754 in-

37 1829 38 1832 *
121 1779 288 1827 ducitur,
319 1780 371 1818 ad
401 1779 648 1830 pudendum,
677 1779 730 1817 ad
760 1777 976 1829 pigendum
991 1794 1002 1828 3
1032 1779 1209 1818 irascitur
1239 1780 1447 1831 mitigatur,

22 1846 35 1864 ²
64 1868 101 1899 25
122 1853 252 1898 sperat
275 1844 388 1884 timet
402 1859 412 1893 3
441 1845 540 1883 haec
566 1843 731 1894 perinde
756 1844 954 1892 accidunt,
977 1853 1019 1884 ut
1047 1859 1184 1884 eorum
1211 1846 1280 1897 qui
1304 1848 1451 1886 adsunt

123 1918 275 1951 mentes
300 1909 429 1949 verbis
454 1917 492 1949 et
518 1909 722 1949 sententiis
751 1917 791 1948 et
817 1909 975 1949 actione
1003 1918 1240 1960 tractantur3
1268 1911 1366 1963 quid
1392 1919 1451 1951 est

122 1975 231 2025 quod
251 1980 497 2023 exspectetur
516 1972 624 2011 docti
642 1972 807 2011 alicuius
827 1973 1051 2012 sententia?
1097 1975 1220 2024 Quod
1239 1974 1345 2014 enim
1366 1989 1452 2026 pro-

122 2040 190 2079 bat
216 2038 440 2085 multitudo,
462 2038 540 2076 hoc
566 2037 673 2077 idem
699 2037 828 2077 doctis
856 2039 1107 2088 probandum
1136 2047 1205 2078 est.
1266 2040 1451 2091 Denique

123 2106 200 2144 hoc
228 2103 431 2155 specimen
464 2110 524 2142 est
553 2102 752 2154 popularis
786 2102 918 2151 iudici,
946 2103 987 2142 in
1020 2117 1101 2154 quo
1129 2118 1349 2156 numquam
1378 2105 1451 2145 fuit

64 2190 106 2225 30
123 2171 272 2222 populo
291 2182 382 2208 cum
402 2168 531 2208 doctis
549 2167 948 2219 intellegentibusque
967 2169 1172 2209 dissensio.
1213 2171 1318 2211 Cum
1338 2171 1452 2210 multi

51 2235 54 2243 '
123 2243 254 2276 essent
272 2242 445 2274 oratores
464 2233 505 2272 in
525 2233 632 2273 vario
650 2247 793 2285 genere
812 2234 983 2283 dicendi,
1006 2234 1093 2286 quis
1113 2249 1303 2287 umquam
1323 2250 1371 2276 ex
1390 2237 1451 2277 his

166 2350 187 2371 2
210 2339 354 2371 audiunt
376 2337 431 2369 L:
453 2338 594 2370 audiant
609 2337 762 2369 Ernesti:
794 2339 935 2370 audient
959 2338 1047 2371 codd.
1065 2339 1124 2372 det.
1262 2350 1300 2380 14
1324 2341 1450 2374 dixerit

123 2393 206 2416 sane
221 2383 390 2423 discipulo
411 2380 554 2423 Madvig
685 2382 724 2412 18
747 2382 801 2413 his
821 2381 862 2424 L,
884 2393 962 2415 corr.
989 2383 1078 2425 vulg.
1213 2393 1254 2424 24
1278 2383 1451 2425 mitigatur·

50 2424 53 2430 ’
121 2426 261 2459 δεΙιᾶΙεε
287 2427 428 2457 miratur
442 2424 472 2456 L
606 2435 661 2466 27,
678 2426 720 2456 28
742 2426 836 2465 quod
853 2450 860 2457 .
884 2450 893 2458 .
912 2450 920 2458 .
941 2427 1150 2468 probandum
1168 2432 1221 2459 est
1236 2429 1305 2460 secl.
1327 2429 1452 2471 Campe

40 2462 65 2519 Ξ
125 2480 178 2515 29,
196 2481 239 2511 3ο
263 2470 297 2502 in
316 2481 382 2511 quo
402 2494 409 2502 .
427 2493 435 2501 .
457 2495 464 2502 .
481 2469 650 2501 dissensio
673 2470 739 2501 secl.
757 2469 931 2502 Eberhard

1468 179 1527 220 185

1464 503 1520 542 50

1467 554 1528 586 186

1470 1125 1528 1166 187

1470 1515 1531 1547 188

1473 2171 1534 2214 189
