1630 2730
128 175 173 216 15
190 178 232 215 57
561 164 619 204 Μ.
649 163 821 202 TVLLI
850 162 1160 203 CICERONIS

127 285 171 323 15
191 279 325 327 Quem
341 290 434 316 vero
449 283 574 316 exstet
589 283 628 315 et
647 277 698 315 de
714 289 794 327 quo
815 276 864 315 sit
884 275 1099 314 memoriae
1118 273 1321 325 proditum
1336 274 1524 324 eloquen-

189 351 269 383 tem
304 343 423 382 fuisse
454 350 494 382 et
523 342 578 381 ita
610 355 697 381 esse
727 341 920 389 habitum,
951 340 1100 392 primus
1135 347 1194 379 est
1224 341 1280 378 M.
1313 338 1523 380 Cornelius

189 410 402 459 Cethegus,
428 408 540 447 cuius
569 407 822 456 eloquentiae
848 414 907 445 est
935 414 1073 445 auctor
1098 413 1137 444 et
1163 405 1332 444 idoneus
1358 404 1523 455 quidem

189 488 277 513 mea
297 473 494 513 sententia
514 474 562 522 Q.
587 472 752 520 Ennius,
774 471 1003 523 praesertim
1029 485 1120 510 curn
1141 478 1179 509 et
1199 470 1283 520 ipse
1303 483 1395 509 eurn
1415 468 1524 508 audi-

188 538 286 577 verit
306 546 345 578 et
365 539 509 578 scribat
529 540 580 578 de
600 546 758 578 mortuo
775 553 782 576 :
812 551 859 576 ex
882 550 962 587 quo
982 538 1091 574 nulla
1117 534 1291 586 suspicio
1310 542 1370 574 est
1391 533 1525 573 amici-

129 609 170 649 58
190 603 266 642 tiae
287 618 406 643 causa
421 618 507 643 esse
527 604 749 643 mentitum.
801 605 872 641 Est
892 602 1008 652 igitur
1028 601 1084 640 sic
1098 602 1206 652 apud
1226 599 1394 639 illumin
1413 613 1523 639 nono

189 677 231 707 ut
252 669 393 720 opinor
411 669 545 708 annali
564 685 571 709 ε

349 735 509 774 additur
537 742 668 774 orator
698 733 908 775 Cornelius
937 731 1229 782 suaviloquenti

350 814 417 839 ore
447 801 648 851 Cethegus
680 802 840 838 Marcus
870 799 1073 839 Tuditano
1103 799 1269 848 conlega

351 865 478 904 Marci
507 865 666 904 filius—

186 938 225 969 et
245 938 440 969 oratorem
467 932 639 980 appellat
666 938 705 969 et
731 928 1088 979 suaviloquentiam
1115 927 1262 976 tribuit,
1284 941 1386 978 quae
1413 940 1521 967 nunc

186 995 350 1046 quidem
371 1009 452 1034 non
473 1003 553 1034 tarn
574 1003 633 1035 est
653 995 693 1033 in
715 994 911 1046 plerisque
931 994 1091 1045 (latrant
1115 993 1222 1032 enim
1250 992 1329 1031 iam
1356 991 1519 1043 quidam

186 1069 371 1109 oratores,
393 1075 475 1100 non
504 1060 750 1113 loquuntur),
772 1061 843 1099 sed
869 1067 928 1099 est
955 1073 1001 1099 ea
1026 1061 1111 1099 laus
1137 1058 1389 1110 eloquentiae
1414 1066 1520 1099 certe

186 1126 413 1165 maxima—

455 1191 487 1231 is
516 1192 664 1231 dictust
692 1191 778 1231 ollis
807 1191 1065 1242 popularibus
1093 1190 1201 1238 olim,

240 1257 309 1308 qui
338 1265 422 1296 tum
452 1258 638 1297 vivebant
666 1257 850 1296 homines
878 1265 998 1307 atque
1026 1270 1169 1296 aevum
1197 1256 1411 1307 agitabant,

240 1324 313 1362 flos
343 1323 541 1362 delibatus
570 1322 765 1374 populi—-

126 1410 166 1443 59
185 1389 310 1439 probe
339 1401 432 1427 vero
446 1403 456 1437 5
490 1395 533 1426 ut
562 1388 669 1427 enirn
698 1387 872 1427 hominis
902 1389 1025 1427 decus
1054 1386 1270 1438 ingenium,
1301 1386 1358 1426 sic
1386 1386 1521 1438 ingeni

186 1453 308 1504 ipsius
337 1455 473 1492 lumen
503 1461 562 1492 est
591 1453 830 1504 eloquentia,
862 1467 940 1503 qua
968 1453 1095 1491 virum
1125 1454 1384 1492 excellentem
1413 1466 1522 1504 prae-

185 1521 289 1558 clare
316 1526 401 1558 tum
425 1519 481 1558 illi
506 1519 690 1559 homines
716 1521 854 1558 florem
881 1518 1019 1570 populi
1045 1532 1131 1558 esse
1158 1518 1396 1557 dixerunt—-

836 1586 1074 1634 Suadaeque
1103 1585 1289 1623 medulla.

184 1651 309 1689 Πειθὼ
339 1663 459 1701 quam
488 1658 633 1690 vocant
658 1650 811 1698 Graeci,
834 1650 945 1689 cuius
972 1650 1133 1688 effector
1158 1656 1217 1687 est
1244 1655 1385 1697 orator,
1416 1649 1521 1688 hanc

186 1717 360 1755 Suadam
381 1716 593 1766 appellavit
607 1715 762 1755 Ennius
783 1714 884 1768 [eius
904 1723 1037 1754 autem
1059 1715 1282 1764 Cethegum
1303 1715 1519 1754 medullam

184 1781 304 1820 fuisse
324 1779 436 1834 vult],
458 1788 513 1829 ut,
536 1795 655 1832 quarn
676 1782 793 1820 deam
815 1781 855 1819 in
877 1780 1017 1819 Pericli
1036 1779 1155 1819 labris
1179 1779 1333 1830 scripsit
1353 1779 1520 1830 Eupolis

185 1846 438 1893 sessitavisse,
469 1846 586 1885 huius
618 1847 683 1886 hic
717 1848 934 1886 medullam
964 1853 1143 1885 nostrum
1175 1853 1371 1884 oratorem
1399 1844 1520 1885 fuisse

122 1919 167 1953 60
185 1912 335 1951 dixerit.
386 1914 439 1950 At
458 1911 523 1951 hic
545 1913 746 1962 Cethegus
767 1913 907 1950 consul
927 1925 1019 1951 cum
1041 1913 1081 1949 P.
1097 1910 1301 1950 Tuditano
1321 1910 1394 1948 fuit
1413 1911 1520 1950 bello

186 1977 339 2016 Punico
360 1978 538 2016 secundo
563 1983 827 2027 quaestorque
854 1976 914 2014 his
941 1975 1171 2015 consulibus
1194 1976 1250 2014 M.
1274 1975 1376 2015 Cato
1396 1976 1520 2014 modo

183 2044 301 2093 plane
320 2041 435 2081 annis
455 2054 537 2080 CXL
556 2049 649 2080 ante
670 2055 734 2081 me
755 2043 960 2080 consulem
976 2056 986 2090 3
1015 2048 1054 2080 et
1073 2040 1115 2079 id
1140 2039 1271 2090 ipsum
1297 2039 1375 2078 nisi
1401 2039 1518 2079 unius

183 2115 286 2146 esset
321 2106 427 2146 Enni
465 2106 695 2146 testimonio
734 2106 949 2157 cognitum,
982 2107 1090 2145 hunc
1123 2112 1308 2152 vetustas,
1344 2112 1388 2143 ut
1419 2105 1518 2145 alios

230 2222 243 2242 1
273 2212 316 2242 de
332 2221 400 2250 quo
414 2234 422 2241 .
437 2234 444 2242 .
458 2235 465 2242 .
482 2211 652 2250 proditum
670 2210 740 2241 incl.
755 2209 851 2248 Jahn
910 2211 932 2240 6
955 2209 1133 2240 mentitum
1144 2206 1174 2239 L
1191 2220 1199 2240 z
1217 2209 1416 2240 ementitum
1426 2207 1520 2240 Bake

182 2266 203 2294 9
228 2254 358 2286 Marcu'
376 2254 546 2285 Tuditano
563 2254 693 2293 collega
710 2253 833 2284 Schutz
848 2265 856 2285 ι
882 2253 1016 2284 Marcus
1033 2253 1146 2284 studio
1163 2252 1330 2292 collegam
1355 2251 1384 2282 L
1477 2263 1517 2293 15

182 2299 306 2329 dictust
322 2297 397 2329 ollis
416 2297 623 2329 Gronovius:
647 2297 758 2329 dictus
773 2296 804 2327 L
895 2298 935 2327 16
959 2297 1133 2336 agitabant
1148 2295 1354 2327 Gronovius:
1371 2295 1518 2336 agebant

181 2342 209 2372 L
300 2352 338 2372 21
363 2342 558 2381 suadaeque
575 2342 663 2381 vulg.
680 2353 687 2373 :
710 2341 834 2372 suadas
850 2340 908 2381 F1,
927 2341 1041 2372 suadis
1058 2340 1115 2381 1³²,
1129 2341 1256 2371 suadae
1268 2340 1302 2370 F
1303 2339 1316 2357 ³
1403 2349 1461 2379 23,
1472 2351 1515 2380 24

180 2386 254 2416 eius
279 2409 286 2416 .
309 2409 316 2416 .
336 2408 344 2416 .
364 2385 436 2416 vult
457 2385 524 2416 secl.
545 2384 668 2416 Schu'tz
782 2395 824 2424 24
849 2384 951 2416 labris
966 2384 1000 2416 F
1002 2383 1014 2401 ²
1031 2396 1039 2416 z
1061 2383 1155 2415 libris
1171 2383 1205 2414 F
1206 2382 1217 2401 ¹
1233 2382 1325 2415 codd.
1471 2394 1513 2424 27

181 2429 233 2460 his
250 2429 337 2469 vulg.
354 2440 360 2459 :
386 2429 414 2460 is
439 2428 528 2461 codd.

1544 869 1584 893 10

1542 1198 1581 1232 Ι5

1541 1515 1630 1559 ποζ

1540 1852 1580 1886 ²5

1619 2363 1630 2456 ,ἐ

1621 2457 1630 2502 l

1623 2503 1630 2536 ἶ
