1696 2730
174 161 219 192 12

178 540 218 571 4²

238 170 279 203 41
556 155 615 193 M.
645 156 816 194 TVLLI
848 156 1161 196 CICERONIS

241 266 456 315 contrariis,
484 281 602 319 saepe
636 267 755 307 etiam
795 282 842 307 ex
876 269 1146 318 dissimilibus,
1174 284 1292 322 saepe
1326 284 1373 310 ex
1399 271 1572 322 paribus.

242 333 375 381 Quam
392 333 446 372 ob
460 346 542 372 rem
560 333 846 384 descriptiones
862 347 1023 385 quoque
1039 342 1131 374 sunt
1143 335 1184 374 in
1201 337 1278 375 hoc
1295 349 1439 387 genere
1455 349 1575 387 saepe

239 405 356 448 aptae
372 405 411 437 et
430 398 677 437 enumeratio
697 399 1040 450 consequentium,
1055 400 1095 439 in
1111 400 1328 452 primisque
1348 409 1575 442 commovet

240 463 450 514 explicatio
468 464 653 503 vocabuli
671 478 719 504 ac
738 454 922 504 nominis.

295 530 341 569 C.
364 530 463 568 Sunt
483 529 662 580 exposita
685 530 763 569 iam
790 532 871 570 fere
898 544 944 569 ea
968 545 1070 582 quae
1100 533 1151 571 de
1177 534 1283 572 facto
1312 546 1496 584 quaeque
1523 535 1574 573 de
1596 545 1614 577 5

239 593 332 633 facti
361 594 628 645 appellatione
667 603 919 646 quaeruntur.
991 598 1150 648 Nempe
1188 597 1304 649 igitur
1342 612 1389 638 ea
1427 606 1575 638 restant

240 674 353 710 quae,
376 674 467 699 cum
488 668 527 699 et
556 662 704 699 factum
734 669 890 701 constat
910 669 948 701 et
974 676 1134 711 nomen,
1157 663 1289 714 qualia
1315 664 1393 703 sint
1413 671 1576 704 vocatur

239 725 280 763 in
309 725 507 765 dubium?
564 728 606 765 P.
631 728 702 765 Est
730 726 784 765 ita
807 734 851 765 ut
880 726 990 766 dicis.
1051 729 1096 768 C.
1120 730 1236 778 Quae
1265 738 1358 768 sunt
1387 729 1504 780 igitur
1531 730 1572 769 in

240 805 288 831 eo
307 806 451 842 genere
471 793 630 842 partes?
688 794 730 831 P.
753 794 835 831 Aut
855 792 938 831 iure
964 794 1113 831 factum
1134 795 1362 844 depellendi
1387 803 1456 834 aut
1481 796 1576 835 ulci-

239 857 377 896 scendi
397 857 545 896 doloris
564 857 687 908 gratia
706 865 774 896 aut
794 857 950 908 pietatis
970 866 1037 897 aut
1057 858 1272 909 pudicitiae
1292 868 1360 900 aut
1375 861 1574 912 religionis
1602 871 1638 895 10

238 930 306 961 aut
336 922 485 973 patriae
518 922 682 961 nomine
714 929 782 961 aut
811 922 985 973 denique
1014 924 1251 964 necessitate
1280 925 1434 966 inscitia
1467 941 1573 967 casu.

178 997 220 1028 43
239 989 344 1026 Nam
366 1001 468 1039 quae
498 995 609 1027 motu
638 987 761 1026 animi
791 995 830 1027 et
855 989 1153 1039 perturbatione
1181 992 1285 1030 facta
1311 991 1395 1031 sine
1421 992 1573 1032 ratione

238 1061 342 1101 sunt,
373 1067 419 1092 ea
453 1053 706 1092 defensiones
739 1060 877 1093 contra
907 1054 1055 1094 crimen
1090 1056 1274 1107 legitimis
1304 1057 1460 1097 iudiciis
1490 1071 1573 1097 non

238 1119 398 1166 habent,
421 1119 461 1157 in
481 1118 613 1158 liberis
634 1118 989 1170 disceptationibus
1016 1122 1163 1161 habere
1182 1130 1360 1173 possunt.
1421 1125 1515 1162 Hoc
1535 1123 1575 1162 in

238 1198 393 1235 genere,
431 1184 471 1223 in
504 1198 584 1235 quo
617 1186 733 1236 quale
771 1185 820 1224 sit
851 1186 1062 1236 quaeritur,
1095 1201 1143 1227 ex
1181 1188 1457 1237 controversia,
1491 1188 1575 1228 iure
1600 1197 1635 1229 15

241 1263 367 1290 necne
389 1258 523 1289 actum
553 1250 602 1289 sit
629 1251 764 1302 quaeri
793 1253 893 1291 solet
907 1268 917 1302 ;
953 1267 1122 1304 quorum
1153 1253 1369 1305 disputatio
1398 1268 1445 1294 ex
1470 1256 1575 1294 loca

176 1330 220 1362 44
240 1330 326 1354 rum
347 1316 613 1367 descriptione
637 1319 832 1357 sumenda
858 1326 927 1357 est.
988 1320 1032 1359 C.
1055 1319 1196 1370 Agesis
1219 1317 1359 1373 [ergo],
1383 1320 1571 1371 quoniam

238 1381 279 1420 in
317 1381 661 1421 confirmationem
700 1390 739 1421 et
777 1385 1125 1435 reprehensionem
1156 1385 1347 1426 'diviseras
1385 1385 1573 1426 orationis

237 1448 358 1486 fidem
387 1455 426 1486 et
452 1447 603 1487 dictum
631 1449 682 1487 de
710 1450 834 1488 altero
863 1457 933 1498 est,
964 1463 1119 1500 expone
1147 1465 1256 1490 nunc
1284 1452 1336 1490 de
1364 1453 1573 1503 reprehen-

235 1514 385 1552 dendo.
443 1515 485 1551 P.
508 1515 591 1552 Aut
620 1521 748 1553 totum
778 1522 837 1553 est
860 1517 1088 1566 negandum
1119 1518 1229 1567 quod
1258 1516 1299 1555 in
1321 1525 1573 1568 argumenta·
1595 1529 1637 1552 ²0

235 1578 344 1617 tione
369 1579 614 1618 adversarius
639 1579 859 1630 sumpserit,
883 1580 915 1620 si
942 1582 1079 1620 fictum
1107 1589 1176 1621 aut
1204 1583 1346 1621 falsum
1373 1596 1459 1622 esse
1485 1596 1574 1634 pos-

235 1643 287 1682 sis
322 1645 477 1692 docere,
517 1652 585 1683 aut
623 1646 895 1696 redarguenda
933 1660 980 1686 ea
1013 1661 1116 1698 quae
1153 1661 1225 1699 pro
1263 1647 1343 1687 veri
1376 1647 1570 1687 similibus

235 1717 393 1760 sumpta
413 1717 505 1749 sunt
521 1725 528 1749 :
558 1710 728 1761 primum
751 1711 874 1750 dubia
889 1719 1047 1763 sumpta
1062 1726 1149 1753 esse
1168 1727 1240 1764 pro
1255 1713 1370 1753 certis
1385 1729 1395 1762 3
1424 1713 1572 1754 deinde

235 1774 353 1813 etiam
374 1775 415 1814 in
435 1775 643 1827 perspicue
662 1776 769 1815 falsis
789 1779 931 1816 eadem
950 1791 1069 1828 posse
1089 1777 1168 1818 dici
1183 1793 1194 1827 ;
1222 1786 1307 1818 tum
1327 1793 1375 1819 ex
1394 1778 1450 1819 eis
1466 1792 1568 1830 quae

235 1840 445 1891 sumpserit
474 1855 556 1880 non
586 1841 688 1881 effici
715 1843 825 1892 quod
849 1842 953 1882 velit.
1011 1843 1206 1884 Accidere
1229 1852 1363 1884 autem
1390 1852 1570 1895 oportet:
1594 1854 1633 1887 25

180 1911 183 1913 ’
235 1914 278 1945 ut
307 1907 471 1958 singula,
494 1907 550 1946 sic
579 1907 761 1947 universa
789 1909 1026 1959 frangentur.
1087 1910 1452 1950 Commemoranda
1480 1918 1572 1950 sunt

173 2139 216 2176 13

173 2201 214 2232 45

234 1971 352 2011 etiam
381 1974 561 2023 exempla
588 1972 733 2023 quibus
757 1972 798 2011 in
824 1973 941 2012 simili
968 1974 1239 2025 disputatione
1266 1975 1459 2014 creditum
1489 1971 1572 2015 non

235 2045 294 2077 est
308 2053 318 2086 3
356 2041 639 2089 conquerenda
669 2039 854 2079 condicio
883 2040 1109 2080 communis
1137 2041 1314 2091 periculi,
1344 2041 1377 2080 si
1405 2041 1573 2093 ingeniis

236 2104 445 2143 hominum
466 2104 770 2144 criminosorum
791 2105 840 2144 sit
861 2105 1038 2156 exposita
1057 2106 1136 2145 vita
1156 2106 1443 2146 innocentium.

290 2170 335 2209 C.
365 2170 567 2219 Quoniam
596 2172 704 2210 unde
730 2170 986 2210 inveniuntur
1011 2185 1114 2222 quae
1139 2173 1191 2211 ad
1220 2174 1342 2212 fidem
1371 2173 1570 2224 pertinent
1590 2192 1635 2224 30

280 2285 298 2314 7
323 2278 357 2305 et
379 2274 504 2306 sactum
528 2275 617 2316 vulg.
636 2287 643 2307 :
667 2286 712 2306 ex
737 2276 826 2307 sacto
840 2276 875 2307 P
1038 2276 1178 2308 nomine
1200 2276 1236 2307 P
1376 2287 1412 2307 11
1437 2277 1572 2309 inscitia

232 2317 277 2348 P:
302 2318 481 2349 inscientia
500 2317 711 2350 Lambinus:
736 2319 867 2351 iustitia
882 2319 973 2351 codd.
985 2319 1059 2351 dett.
1184 2329 1222 2360 15
1247 2320 1358 2360 qualis
1374 2321 1407 2352 P
1531 2322 1572 2351 16

234 2371 344 2392 necne
361 2361 506 2392 Stroebel
518 2373 525 2393 ε
549 2367 584 2393 et
601 2367 693 2394 reete
710 2362 759 2394 P:
779 2368 812 2394 et
829 2367 924 2395 recte
940 2374 982 2394 ne
998 2363 1088 2395 codd.
1107 2363 1180 2396 dett.
1297 2374 1335 2404 17
1360 2374 1442 2405 ergo
1458 2375 1524 2396 om.
1539 2364 1576 2395 P-

233 2414 275 2444 25
306 2405 462 2436 accidere
487 2407 605 2447 vulg:
632 2407 798 2438 accedere
824 2407 914 2440 codd.
943 2407 1043 2439 dem:
1076 2408 1228 2439 incidere
1252 2407 1377 2439 Piderit
1527 2409 1575 2439 26

237 2453 271 2479 ut
287 2447 339 2480 P:
363 2450 406 2479 de
418 2454 443 2490 p
462 2461 470 2480 z
493 2450 535 2480 ad
552 2449 639 2481 codd.
658 2450 732 2481 dett.
1572 2462 1575 2466 “
