1696 2730
190 138 235 179 ιε
253 152 293 188 57
604 139 662 177 M.
702 139 873 177 TVLLI
913 138 1222 178 CICERONIS

252 250 406 299 plorare
423 248 554 301 ‚etiam
587 250 882 290 Demosthenes
910 248 1029 288 istum
1060 263 1180 300 quem
1210 263 1329 300 saepe
1357 249 1465 289 dicat
1492 263 1591 291 voce

190 334 232 375 53
251 314 359 354 dulci
389 322 428 354 et
456 317 560 354 clara
587 314 719 354 fuisse.
780 316 829 353 In
858 328 940 366 quo
969 315 1067 354 illud
1097 314 1216 354 etiarn
1243 317 1467 355 notandum
1494 315 1592 355 mihi

249 376 406 417 videtur
424 379 476 416 ad
496 377 672 417 studium
692 378 992 428 persequendae
1011 376 1213 416 suavitatis
1233 376 1273 415 in
1288 377 1454 416 vocibus
1470 393 1478 418 τ
1507 377 1592 429 ipsa

251 442 358 481 enim
392 450 541 490 natura„
578 442 691 493 quasi
729 444 1000 481 modularetur
1036 442 1246 482 hominum
1285 442 1516 491 orationem,
1549 442 1591 482 in

251 507 362 547 omni
384 509 506 547 verbo
532 508 665 559 posuit
690 516 848 547 acutam
874 521 1015 547 vocem
1044 521 1119 547 nec
1148 521 1227 546 una
1256 509 1344 558 plus
1373 521 1448 547 nec
1476 522 1500 547 a
1524 521 1592 559 po—
1608 527 1625 560 5

252 581 398 612 strema
424 575 573 625 syllaba
598 573 695 613 citra
715 573 869 613 tertiam
883 588 894 622 3
923 586 1004 624 quo
1025 572 1148 623 magis
1173 580 1354 612 naturam
1374 574 1519 613 ducem
1539 574 1591 615 ad

191 654 233 688 59
251 639 406 678 aurium
437 641 681 690 voluptatem
713 646 900 690 sequatur
931 637 1135 677 industria.
1193 639 1255 677 Ac
1285 637 1394 677 vocis
1427 639 1591 689 quidem

252 705 409 744 bonitas
439 706 616 755 optanda
644 712 702 744 est
716 719 727 753 3
764 718 847 743 non
876 711 935 743 est
961 703 1068 743 enim
1093 703 1135 742 in
1161 703 1289 751 nobis,
1316 705 1387 743 sed
1411 703 1591 744 tractatio

251 775 372 818 atque
392 781 485 807 usus
505 767 546 806 in
566 767 694 806 nobis.
746 769 851 817 Ergo
870 766 935 805 ille
955 766 1139 817 princeps
1158 765 1324 805 variabit
1344 773 1382 806 et
1402 766 1589 808 mutabit:

250 833 380 872 omnis
412 847 600 872 sonorum
630 841 715 872 tum
745 832 956 871 intendens
986 839 1071 870 tum
1100 831 1303 871 remittens
1332 840 1590 884 persequetur
1611 849 1650 872 10

248 900 404 950 gradus.
464 900 661 949 Idemque
695 905 807 938 motu
841 897 896 936 sic
930 905 1071 945 utetur,
1103 896 1201 935 nihil
1230 904 1274 935 ut
1302 896 1480 948 supersit.
1540 899 1590 938 In

250 972 362 1015 gestu
383 972 506 1003 status
528 971 680 1003 erectus
700 971 739 1003 et
754 965 882 1002 celsus
898 978 908 1011 3
936 976 1043 1002 rarus
1063 962 1241 1001 incessus
1260 975 1335 1001 nec
1355 962 1409 1001 ita
1423 964 1565 1014 longus
1579 978 1590 1012 5

250 1029 429 1069 excursio
468 1031 673 1068 moderata
710 1042 837 1080 eaque
875 1042 959 1067 rara
975 1042 987 1077 ,·
1028 1029 1136 1066 nulla
1174 1026 1340 1066 mollitia
1377 1027 1588 1077 cervicum,

249 1097 381 1134 nullae
414 1094 588 1145 argutiae
618 1094 843 1145 digitorum,
874 1107 958 1133 non
985 1094 1038 1132 ad
1066 1106 1276 1132 numerum
1309 1092 1496 1132 articulus
1529 1107 1590 1133 ca-

250 1162 375 1209 dens3
404 1168 545 1199 trunco
572 1159 696 1211 magis
717 1167 802 1199 toto
828 1173 871 1198 se
896 1159 981 1210 ipse
1007 1160 1219 1198 moderans
1246 1165 1286 1197 et
1304 1157 1404 1197 virili
1422 1160 1589 1201 laterum
1610 1175 1648 1208 15

250 1226 430 1273 flexione,
449 1225 624 1265 bracchii
642 1224 887 1276 proiectione
906 1224 948 1263 in
968 1223 1302 1272 contentionibus,
1318 1223 1589 1264 contractione

187 1297 231 1328 60
252 1288 293 1327 in
319 1288 502 1328 remissis.
561 1290 706 1327 Vultus
733 1301 836 1335 vero,
859 1287 928 1338 qui
957 1288 1179 1326 secundum
1205 1299 1345 1325 vocem
1374 1285 1588 1337 plurimum

202 1359 206 1364 ‘
252 1362 394 1405 potest,
418 1361 607 1404 quantam
620 1355 771 1393 adferet
783 1360 867 1392 turn
882 1351 1114 1403 dignitatem
1131 1359 1216 1390 tum
1235 1358 1484 1391 venustatem
1501 1355 1508 1391 l
1539 1353 1588 1392 In

186 1771 224 1804 61

250 1433 331 1470 quo
357 1433 449 1458 cum
477 1418 651 1459 effeceris
678 1432 729 1458 ne
749 1418 846 1469 quid
872 1418 1052 1469 ineptum
1079 1417 1129 1456 sit
1153 1424 1222 1455 aut
1242 1418 1485 1465 vultuosum,
1504 1423 1589 1457 tum

250 1486 456 1524 oculorum
484 1492 542 1524 est
566 1486 763 1536 quaedam
793 1497 937 1535 magna
965 1481 1198 1522 moderatio.
1257 1483 1363 1521 Nam
1389 1489 1433 1520 ut
1459 1483 1590 1534 imago
1608 1499 1649 1524 πο

249 1558 308 1590 est
338 1550 461 1590 animi
489 1552 632 1598 vultus,
663 1549 719 1589 sic
753 1549 905 1588 indices
943 1547 1073 1597 oculi3
1111 1560 1282 1598 quorum
1315 1554 1355 1586 et
1385 1546 1590 1588 hilaritatis

253 1615 493 1667 et·vicissim
534 1615 712 1654 tristitiae
751 1616 917 1654 modum
955 1627 1016 1652 res
1050 1613 1158 1664 ipsae
1188 1613 1240 1652 de
1276 1611 1422 1663 quibus
1454 1619 1591 1664 agetur

247 1681 536 1732 temperabunt.
866 1728 869 1731 Ι

305 1748 383 1786 Sed
415 1746 493 1785 iarn
526 1746 629 1785 illius
663 1745 826 1797 perfecti
860 1744 1023 1784 oratoris
1057 1751 1095 1783 et
1125 1757 1305 1782 summae
1338 1742 1588 1794 eloquentiae

250 1812 402 1863 species
432 1812 688 1863 exprimenda
716 1819 786 1851 est.
846 1812 979 1860 Quem
1009 1812 1086 1849 hoc
1115 1823 1197 1849 uno
1225 1811 1415 1848 excellere
1444 1806 1503 1861 [id
1528 1815 1588 1848 est
1608 1823 1647 1859 ²5

250 1877 457 1931 oratione]‚
486 1886 616 1917 cetera
649 1877 689 1916 in
722 1891 771 1917 eo
801 1878 922 1916 latere
952 1875 1102 1915 indicat
1132 1889 1281 1914 nomen
1310 1873 1467 1925 ipsum‚·
1505 1887 1588 1913 non

249 1943 354 1983 enirn
394 1943 576 1983 inventor
611 1950 680 1982 aut
718 1941 961 1993 compositor
1000 1949 1069 1980 aut
1098 1947 1208 1980 actor
1244 1942 1316 1990 qui
1347 1940 1446 1978 haec
1483 1952 1589 1979 com-

251 2011 388 2060 plexus
427 2017 486 2048 est
516 2008 662 2056 omnia,
694 2009 765 2047 sed
796 2015 834 2047 et
865 2008 1016 2046 Graece
1049 2006 1100 2045 ab
1138 2006 1366 2056 eloquendo
1395 2005 1517 2056 ῥήτωρ
1549 2011 1589 2044 et

250 2074 392 2114 Latine
423 2076 614 2125 eloquens
648 2073 778 2113 dictus
812 2080 871 2112 est
885 2087 896 2121 3
933 2079 1152 2111 ceterarum
1185 2070 1292 2110 enim
1330 2083 1460 2109 rerum
1486 2082 1589 2121 quae

297 2190 311 2210 1
338 2180 439 2210 istum
471 2189 570 2218 quem
602 2187 739 2218 semper
769 2177 861 2208 dicat
889 2174 1031 2207 Schenkl
1042 2187 1049 2206 :
1086 2175 1249 2215 illumque
1280 2184 1386 2214 saepe
1418 2173 1508 2205 dicat
1533 2171 1563 2203 L
1581 2185 1589 2205 ι

249 2224 324 2263 ipse
352 2224 434 2254 dicit
459 2222 601 2263 Madvig
732 2231 749 2261 7
775 2225 940 2261 sequetur
957 2220 1080 2250 maluit
1096 2219 1222 2259 Stangl
1362 2227 1391 2257 7,
1409 2218 1430 2248 8
1453 2216 1588 2257 quidem

249 2267 383 2298 bonitas
396 2267 547 2297 Ernesti:
570 2265 704 2297 bonitas
715 2265 853 2304 quidem
870 2263 901 2294 L
995 2273 1041 2301 11,
1060 2273 1099 2294 12
1123 2263 1157 2293 in
1171 2266 1269 2302 gestu
1281 2261 1349 2292 secl.
1362 2260 1454 2291 Bake
1469 2272 1477 2292 z
1500 2260 1589 2292 desit

249 2315 307 2341 aut
324 2311 474 2350 supersit
491 2311 525 2340 iu
537 2315 637 2349 gestu
647 2308 772 2340 Schic'tz
864 2318 902 2348 15
926 2317 965 2339 se
982 2307 1055 2347 ipse
1067 2305 1098 2336 L
1115 2310 1144 2337 et
1155 2306 1268 2346 Quint.
1286 2316 1294 2337 :
1316 2305 1391 2345 ipse
1407 2314 1446 2335 se
1459 2303 1591 2335 Nonius

251 2356 292 2384 16
315 2352 498 2384 inflexione
520 2353 643 2383 maluit
665 2352 791 2384 Piderit
910 2361 950 2391 19
973 2351 1017 2382 sit
1041 2355 1099 2382 aut
1123 2350 1317 2381 voltuosum
1341 2348 1498 2379 Nonius:
1529 2352 1589 2379 aut

248 2397 442 2428 voltuosum
454 2397 497 2427 sit
510 2398 540 2428 L
630 2405 683 2436 25,
697 2397 740 2427 26
763 2396 797 2427 id
814 2400 866 2426 est
883 2395 1040 2426 oratione
1056 2394 1125 2426 secl.
1139 2393 1270 2424 'Schit'tz
1365 2402 1406 2431 27
1423 2396 1518 2422 actor
1530 2391 1587 2432 qui

248 2440 403 2483 Madvig:
422 2441 483 2472 sed
493 2441 553 2481 qui
561 2440 596 2482 (1.
609 2440 667 2483 28)
680 2440 802 2471 maluit
809 2438 1014 2480 Heerdegen:
1033 2442 1085 2469 est
1096 2447 1162 2469 om.
1175 2436 1286 2468 Nixon
1298 2435 1380 2479 <non
1391 2434 1504 2469 addito
1514 2434 1585 2477 qul)

1659 2668 1685 2730 Hoc.-
1683 2590 1685 2592 .
