1696 2730
178 146 234 195 89
253 151 320 193 306
609 147 666 184 M.
707 146 877 184 TVLLI
918 145 1228 185 CICERONIS

253 259 303 307 Q.
327 258 540 296 Scaevolae
561 258 610 306 Q.
630 259 686 305 F„
709 256 777 307 qui
797 270 1040 308 quamquam
1061 255 1212 296 nemini
1231 268 1269 294 se
1287 256 1339 295 ad
1360 255 1590 295 docendum
1682 270 1696 300 »ἢ

252 324 384 371 dabat,
407 330 541 362 tamen
561 322 862 361 consulentibus
882 323 1165 373 respondendo
1186 321 1386 361 studiosos
1401 320 1592 360 audiendi

253 389 436 428 docebat.
508 391 642 439 Atque
687 388 781 427 huic
819 402 926 427 anno
964 388 1165 439 proximus
1205 389 1313 427 Sulla
1351 388 1515 426 consule
1553 393 1592 426 et

255 453 448 504 Pompeio
477 453 561 492 fuit.
620 456 725 492 Tum
757 456 799 492 P.
831 453 980 504 Sulpici
1009 453 1050 491 in
1079 453 1282 492 tribunatu
1308 452 1472 492 cottidie
1501 465 1594 492 con·
1689 499 1692 500 ⁷

254 519 442 557 tionantis
480 526 608 558 totum
646 532 771 569 genus
809 518 970 558 dicendi
1008 517 1166 569 penitus
1208 517 1492 568 cognovimus,
1531 527 1630 561 e0-5
1692 511 1696 527 ³

255 586 429 635 demque
468 592 660 634 tempore,
699 598 791 622 cum
836 583 1019 635 princeps
1065 583 1308 622 Academiae
1347 583 1463 622 Philo
1501 596 1594 621 cum

255 649 562 688 Atheniensium
601 649 860 700 optimatibus
898 648 1171 688 Mithridatico
1210 650 1317 688 bello
1348 649 1471 687 domo
1509 661 1595 698 pro-

256 715 418 766 fugisset
439 717 694 765 Romamque
709 714 892 763 venisset,
915 723 1044 754 totum
1065 714 1101 753 ei
1122 728 1185 754 me
1207 713 1351 753 tradidi
1371 712 1595 753 admirabili

257 782 433 831 quodam
463 782 515 819 ad
553 780 848 831 philosophiam
887 779 1019 819 studio
1058 779 1291 827 concitatus,
1325 779 1366 818 in
1405 792 1486 829 quo
1515 780 1594 818 hoc

258 846 376 885 etiam
408 847 684 885 commorabar
712 845 1030 885 attentius——etsi
1060 859 1191 885 rerum
1224 845 1399 896 ipsarum
1428 844 1594 884 varietas
1617 860 1656 882 10

258 919 296 950 et
343 911 578 961 magnitudo
622 924 778 949 summa
820 925 884 949 me
929 910 1195 950 delectatione
1233 910 1596 960 retinebat—quod

257 985 391 1015 tamen
412 977 567 1014 sublata
586 975 665 1014 iam
686 989 772 1015 esse
792 975 833 1014 in
853 983 1089 1027 perpetuum
1109 975 1208 1014 ratio
1234 975 1472 1015 iudiciorum
1491 974 1597 1015 vide-

175 1051 239 1087 307
259 1043 383 1081 batur.
437 1041 649 1081 Occiderat
670 1040 866 1092 Sulpicius
886 1041 954 1080 illo
973 1055 1080 1080 anno
1101 1049 1259 1091 tresque
1278 1039 1459 1092 proximo
1479 1040 1597 1079 trium

259 1114 433 1146 aetatum
468 1114 641 1145 oratores
675 1114 786 1145 erant
815 1106 1086 1146 crudelissime
1119 1106 1326 1154 interfecti,
1358 1107 1407 1155 Q.
1432 1107 1597 1146 Catulus

261 1175 317 1211 M.
334 1171 535 1211 Antonius
552 1173 595 1212 C.
613 1171 749 1210 Iulius.
801 1171 977 1225 [Eodem
992 1186 1100 1212 anno
1121 1172 1240 1212 etiam
1258 1171 1417 1211 Moloni
1434 1171 1598 1211 Rhodio
1623 1186 1657 1218 15

261 1241 416 1278 Romae
454 1238 639 1277 dedimus
679 1251 840 1288 operam
879 1245 918 1277 et
955 1238 1079 1277 actori
1117 1252 1276 1277 summo
1314 1251 1521 1276 causarum
1560 1245 1599 1276 et

181 1322 240 1360 90
260 1302 477 1357 magistro]
535 1306 650 1343 Haec
682 1303 755 1342 etsi
793 1303 986 1343 videntur'
1010 1318 1095 1343 esse
1128 1318 1152 1343 a
1181 1303 1385 1355 proposita
1421 1302 1599 1342 oratione

260 1370 424 1417 diversa,
447 1377 581 1408 tamen
601 1369 750 1408 idcirco
770 1382 793 1407 a
812 1383 877 1408 me
897 1371 1147 1420 proferuntur
1166 1377 1210 1408 ut
1229 1377 1408 1408 nostrum
1440 1382 1599 1408 cursum

260 1435 492 1486 perspicere,
534 1435 724 1485 quoniam
762 1434 932 1482 voluisti,
975 1437 1105 1482 Brute,
1147 1435 1424 1485 possis—*nam
1462 1433 1599 1473 Attico

261 1503 359 1540 haec
379 1508 475 1539 nota
494 1508 681 1539 sunt-et
700 1500 834 1539 videre
854 1514 974 1551 quem
1000 1502 1052 1540 ad
1074 1502 1240 1540 modum
1267 1499 1390 1539 simus
1409 1499 1451 1538 in
1472 1499 1599 1550 spatio
1620 1516 1661 1539 20

178 1575 241 1614 308
262 1569 311 1617 Q.
346 1565 607 1605 Hortensium
636 1565 759 1616 ipsius
788 1565 960 1617 vestigiis
990 1566 1197 1616 persecuti.
1256 1565 1492 1604 Triennium
1520 1566 1601 1604 fere

262 1632 334 1671 fuit
358 1632 451 1670 urbs
478 1631 563 1670 sine
589 1630 718 1678 armis,
742 1633 812 1670 sed
839 1639 1039 1670 oratorum
1059 1639 1127 1670 aut
1150 1631 1309 1670 interitu
1330 1638 1397 1670 aut
1423 1630 1600 1670 discessu

261 1706 328 1737 aut
359 1699 599 1748 fuga—nam
630 1698 795 1736 aberant
826 1697 945 1736 etiam
976 1699 1252 1737 adulescentes
1283 1698 1340 1735 M.
1368 1698 1533 1736 Crassus
1562 1703 1602 1735 et

263 1762 422 1803 Lentuli
461 1762 744 1813 duo—primas
778 1762 819 1801 in
853 1762 981 1802 causis
1013 1763 1154 1814 agebat
1190 1761 1442 1810 Hortensius,
1476 1761 1601 1812 magis

263 1829 467 1880 magisque
491 1827 655 1867 cottidie
679 1828 923 1878 probabatur
941 1828 1149 1876 Antistius,
1173 1828 1264 1867 Piso
1291 1841 1408 1879 saepe
1428 1827 1598 1874 dicebat,
1621 1844 1662 1877 25

263 1895 394 1933 minus
433 1908 551 1944 saepe
591 1893 850 1944 Pomponius,
889 1907 976 1933 raro
1015 1895 1158 1941 Carbo,
1200 1895 1322 1933 semel
1353 1900 1422 1932 aut
1458 1893 1601 1932 iterum

265 1960 482 2010 Philippus.
528 1961 582 1998 At
602 1973 695 1998 vero
715 1973 789 2010 ego
809 1961 887 1999 hoc
908 1967 1086 2010 tempore
1107 1959 1218 1999 omni
1238 1967 1375 1999 noctes
1396 1965 1435 1998 et
1455 1958 1540 1998 dies
1560 1957 1601 1997 in

183 2041 245 2075 309
264 2025 445 2065 omnium
484 2024 754 2064 doctrinarum
794 2025 1053 2064 meditatione
1091 2025 1285 2064 versabar.
1356 2026 1475 2063 Eram
1509 2037 1602 2063 cum

265 2091 400 2130 Stoico
428 2090 618 2138 Diodoto,
648 2090 716 2140 qui
743 2104 834 2129 cum
862 2090 1118 2129 habitavisset
1144 2092 1251 2141 apud
1279 2104 1343 2129 me
1371 2103 1602 2140 mecumque

264 2156 433 2204 vixisset,
467 2169 593 2207 nuper
626 2164 685 2195 est
716 2155 826 2196 domi
858 2170 971 2196 meae
1003 2163 1192 2195 mortuus.
1251 2157 1288 2194 A
1319 2169 1400 2206 quo
1431 2168 1523 2194 cum
1561 2154 1601 2193 in
1620 2172 1663 2202 30

313 2272 326 2292 1
355 2261 394 2300 Q.
418 2261 452 2293 F.
467 2261 660 2292 Fabricius:
684 2272 716 2301 p.
736 2260 757 2293 f.
776 2261 805 2292 L
909 2271 948 2292 se
971 2261 1046 2292 add.
1065 2261 1153 2301 vulg.
1302 2270 1322 2299 3
1346 2260 1490 2291 docebat
1505 2270 1543 2292 se
1563 2258 1604 2290 G²

268 2316 287 2336 2
311 2306 400 2344 quod
426 2310 541 2335 tamen
570 2304 732 2345 Madvig:
767 2304 828 2335 sed
854 2309 968 2335 tamen
992 2303 1022 2335 L
1161 2313 1198 2343 15
1224 2304 1342 2336 eodem
1358 2327 1366 2335 .
1386 2328 1394 2335 .
1414 2328 1421 2335 .
1441 2304 1604 2343 magistro

267 2349 337 2380 secl.
372 2348 485 2379 Bake:
523 2350 556 2379 in
587 2352 601 2386 ξ
629 2358 694 2387 312
723 2348 886 2379 audacius
909 2348 1079 2379 transtulit
1093 2347 1232 2379 Martha
1367 2357 1404 2386 17
1430 2347 1604 2388 proposita

268 2393 422 2423 oratione
439 2391 650 2424 Lambinus:
673 2392 849 2432 proposita
867 2393 999 2424 ratione
1018 2391 1070 2423 O:
1093 2392 1271 2431 proposito
1288 2391 1419 2422 ratione
1438 2391 1467 2422 C
1561 2401 1605 2431 29

269 2436 409 2468 diodoto
425 2435 470 2467 F:
495 2436 636 2468 diodoro
652 2435 742 2466 B2M
756 2447 763 2468 ε
788 2436 880 2468 dioto
899 2436 928 2469 C
1057 2446 1111 2467 me
1127 2436 1269 2467 alterum
1287 2434 1363 2467 add.
1381 2435 1470 2477 vulg.
