1696 2730
161 153 204 194 17
225 151 268 183 66
563 148 620 186 M.
661 148 832 186 TVLLI
871 148 1187 190 CICERONIS

218 266 334 308 esset,
360 262 527 300 alterum
556 261 667 301 alteri
696 269 892 313 praestare
919 271 1126 314 oporteret,
1154 264 1251 315 quid
1277 265 1403 304 virum
1431 265 1553 313 uxori,

217 325 315 375 quid
353 340 515 365 uxorem
553 326 639 366 viro
675 327 931 367 tradiderunt.
999 329 1155 369 Licebit
1193 330 1310 380 igitur
1346 331 1558 382 diligenter

216 399 538 441 argumentorum
560 392 728 443 cognitis
754 393 851 432 locis
878 407 960 433 non
987 396 1110 434 modo
1130 396 1352 435 oratoribus
1371 404 1410 436 et
1429 397 1558 448 philo-

218 456 365 506 sophis,
395 459 465 496 sed
495 457 588 496 iuris
613 458 733 497 etiarn
762 458 896 509 peritis
923 447 1084 511 copiose
1113 462 1164 500 de
1193 462 1552 502 consultationibus

155 507 199 590 ἑῇ
218 521 299 560 suis
325 521 537 572 disputare.
598 523 847 563 Coniunctus
876 524 969 564 huic
998 539 1205 564 causarum
1231 527 1321 566 loco
1349 527 1416 567 ille
1443 529 1555 567 locus
1575 544 1592 576 5

184 579 194 599 ⁴
217 594 276 625 est
297 587 364 638 qui
385 588 550 626 efficitur
569 602 616 627 ex
636 589 777 628 causis.
827 591 882 628 Vt
908 590 1014 629 enim
1039 604 1157 630 causa
1177 591 1274 642 quid
1295 592 1344 631 sit
1363 594 1553 632 effectum

217 651 377 700 indicat,
400 653 457 692 sic
476 655 586 703 quod
606 655 790 693 effectum
812 662 871 694 est
891 669 992 706 quae
1018 656 1134 695 fuerit
1154 671 1273 696 causa
1292 659 1554 698 demonstrat.

219 717 301 757 Hic
320 720 431 757 locus
452 719 705 770 suppeditare
725 722 825 759 solet
845 721 1065 760 oratoribus
1086 729 1124 761 et
1144 722 1282 772 poetis,
1301 736 1420 775 saepe
1434 724 1554 763 etiam

217 783 476 835 philosophis,
507 786 578 824 sed
617 785 672 824 eis
707 785 775 836 qui
809 794 946 825 ornate
975 794 1013 826 et
1042 787 1203 838 copiose
1235 788 1345 839 loqui
1374 797 1552 840 possunt,

217 849 437 889 mirabilem
465 851 622 901 copiam
646 851 820 899 dicendi,
842 865 933 891 cum
955 853 1192 892 denuntiant
1212 854 1310 904 quid
1329 867 1377 893 ex
1397 868 1557 906 quaque
1578 870 1617 892 10

216 928 257 953 re
277 915 326 953 sit
345 917 532 955 futurum.
588 918 808 957 Causarum
829 917 935 957 enirn
957 917 1134 969 cognitio
1152 919 1421 970 cognitionem
1442 934 1557 960 even-

216 988 348 1020 torum
368 981 471 1020 facit.

154 1052 199 1084 68
275 1046 469 1097 Reliquus
508 1054 567 1086 est
604 1048 911 1099 comparationis
949 1050 1072 1097 locus,
1107 1049 1220 1088 cuius
1256 1063 1381 1101 genus
1418 1058 1458 1090 et
1495 1065 1557 1091 ex-

219 1113 397 1162 emplum
424 1126 541 1164 supra
567 1113 741 1164 positum
769 1121 827 1153 est
853 1122 897 1153 ut
920 1122 1167 1164 ceterorum,
1194 1129 1304 1155 nunc
1321 1116 1556 1168 explicanda

218 1177 398 1217 tractatio
423 1186 491 1217 est.
552 1180 844 1230 Comparantur
870 1180 986 1231 igitur
1012 1194 1059 1220 ea
1092 1194 1194 1231 quae
1220 1189 1288 1220 aut
1314 1181 1464 1221 maiora
1487 1189 1557 1222 aut
1577 1195 1614 1228 15

217 1243 371 1282 minora
407 1251 475 1282 aut
513 1244 621 1295 paria
654 1244 865 1294 dicuntur5
910 1245 951 1284 in
986 1246 1131 1296 quibus
1165 1254 1394 1298 spectantur
1429 1248 1555 1288 haec:

215 1322 404 1348 numerus
425 1309 576 1359 species
596 1310 664 1357 vis,
688 1312 884 1361 quaedam
907 1311 1025 1350 etiam
1045 1313 1097 1351 ad
1117 1325 1177 1351 res
1196 1312 1349 1363 aliquas
1368 1313 1551 1353 adfectio.

154 1375 198 1420 69
217 1375 397 1413 Numero
435 1375 491 1414 sic
529 1377 875 1427 comparabuntur,
917 1379 1029 1428 plura
1070 1378 1177 1416 bona
1214 1384 1258 1416 ut
1301 1378 1554 1429 paucioribus

215 1439 333 1478 bonis
345 1447 651 1490 anteponantur,
662 1442 849 1493 pauciora
862 1444 966 1481 mala
978 1442 1090 1482 malis
1102 1443 1291 1494 pluribus,
1307 1443 1554 1484 diuturniora

215 1504 323 1544 bona
342 1505 600 1554 brevioribus,
616 1508 733 1558 longe
753 1515 791 1546 et
810 1509 888 1547 late
907 1515 1117 1559 pervagata
1136 1508 1322 1559 angustis,
1340 1522 1388 1548 ex
1407 1509 1553 1560 quibus
1573 1519 1615 1543 20

216 1571 327 1621 plura
347 1571 454 1610 bona
473 1580 740 1623 propagentur
759 1586 942 1624 quaeque
960 1574 1092 1624 plures
1111 1572 1315 1613 imitentur
1335 1581 1374 1613 et
1392 1574 1550 1614 faciant.

216 1636 357 1687 Specie
389 1644 523 1676 autem
553 1646 842 1689 comparantur,
869 1646 912 1678 ut
940 1646 1233 1690 anteponantur
1261 1653 1364 1690 quae
1395 1647 1557 1691 propter

217 1715 258 1740 se
286 1703 508 1753 expetenda
529 1711 621 1742 sunt
648 1703 703 1743 eis
724 1718 826 1755 quae
847 1711 1006 1756 propter
1025 1704 1133 1744 aliud
1160 1711 1199 1744 et
1219 1712 1262 1743 ut
1280 1704 1417 1744 innata
1434 1713 1556 1757 atque

215 1766 332 1805 insita
369 1767 592 1818 adsumptis
629 1776 750 1819 atque
787 1769 1032 1818 adventiciis,
1073 1769 1223 1821 integra
1260 1769 1551 1819 contaminatis,

215 1831 390 1870 iucunda
419 1832 550 1871 minus
580 1832 774 1881 iucundis,
801 1835 970 1873 honesta
997 1833 1092 1885 ipsis
1118 1834 1237 1874 etiam
1266 1834 1440 1883 utilibus,
1468 1848 1555 1886 pro·
1574 1849 1613 1882 ²5

215 1896 330 1936 clivia
357 1897 573 1946 laboriosis,
597 1898 818 1938 necessaria
836 1913 919 1938 non
939 1899 1180 1948 necessariis,
1203 1913 1275 1939 sua
1298 1899 1448 1948 alienis,
1469 1914 1555 1939 rara

215 1962 451 2013 vulgaribus,
474 1962 752 2003 desiderabilia
778 1964 834 2003 eis
860 1964 1005 2015 quibus
1026 1964 1140 2004 facile
1159 1978 1291 2004 carere
1312 1964 1450 2016 possis,
1472 1979 1557 2017 per-

216 2029 320 2067 fecta
340 2027 546 2076 incohatis,
566 2036 649 2068 tota
668 2029 856 2080 partibus,
874 2029 1026 2069 ratione
1041 2030 1193 2070 utentia
1211 2030 1374 2070 rationis
1393 2030 1556 2082 experti-

218 2094 303 2141 bus,
326 2094 547 2133 voluntaria
572 2095 814 2144 necessariis,
836 2095 1012 2135 animata
1035 2095 1234 2145 inanimis,
1254 2095 1446 2135 naturalia
1471 2109 1553 2136 non

160 2176 199 2210 70
217 2159 473 2208 naturalibus,
494 2159 705 2200 artificiosa
731 2175 812 2200 non
838 2161 1069 2201 artificiosis.
1128 2161 1200 2200 Vis
1225 2169 1358 2201 autern
1384 2161 1425 2201 in
1449 2175 1554 2201 com·
1573 2173 1616 2205 30

217 2224 421 2275 paratione
454 2226 511 2264 sic
540 2225 734 2266 cernitur:
778 2226 951 2266 efficiens
985 2240 1105 2266 causa
1136 2226 1289 2277 gravior
1321 2241 1441 2278 quam
1471 2241 1554 2267 non

217 2289 391 2329 efficiens
401 2305 411 2339 ,-
431 2303 533 2341 quae
546 2304 588 2330 se
601 2291 696 2342 ipsis
709 2299 898 2331 contenta
910 2299 1002 2331 sunt
1014 2291 1178 2332 meliora
1190 2306 1310 2343 quam
1323 2306 1425 2344 quae
1437 2300 1555 2344 egent

660 2405 703 2435 32
726 2395 809 2436 ipsis
828 2394 909 2436 Oes:
932 2395 1005 2436 ipsa
1021 2394 1110 2429 codd.
