1630 2730
676 155 895 194 BRVTVS
1409 163 1454 201 51
1477 168 1537 202 192

124 284 190 312 eas
210 270 284 310 sibi
303 269 451 309 tibicen
466 275 588 320 putet,
605 268 660 308 sic
676 267 819 307 oratori
834 267 972 319 populi
986 280 1099 306 aures
1114 273 1317 316 tamquam
1333 265 1453 304 tibiae

124 344 216 377 sunt
229 351 239 386 3
267 349 337 375 eae
357 334 389 374 si
412 334 591 374 inflatum
618 347 700 373 non
725 332 1043 384 recipiunt—aut
1062 332 1094 371 si
1112 331 1270 371 auditor
1285 331 1454 371 ,omnino

124 410 327 452 tamquam
347 413 472 451 equus
492 413 574 438 non
593 398 697 447 facit,
718 398 894 449 agitandi
914 398 1002 437 finis
1021 397 1227 436 faciendus
1246 403 1316 435 est.
1359 398 1455 435 Hoc
1474 382 1526 420 5²

124 474 259 507 tamen
283 466 455 513 interest,
477 465 587 515 quod
605 465 745 515 vulgus
768 463 967 503 interdum
993 476 1073 502 non
1101 463 1353 514 probandum
1374 475 1455 500 ora·
1477 442 1539 475 ¹93

89 543 108 576 5
125 539 250 572 torem
270 531 422 582 probat,
444 531 514 569 sed
534 530 675 581 probat
695 529 779 568 sine
805 528 1102 580 comparatione
1115 542 1126 577 3
1154 541 1246 567 cum
1265 541 1290 566 a
1308 526 1457 566 medio-

125 597 180 636 cri
194 604 262 635 aut
277 595 395 635 etiam
411 608 435 634 a
449 596 554 634 malo
569 596 796 642 delectatur,
813 607 861 633 eo
877 601 936 633 est
950 601 1162 633 contentus
1176 607 1187 641 3
1214 606 1301 632 esse
1316 591 1456 631 melius

125 676 207 702 non
226 660 356 709 sentit,
377 660 475 699 illud
495 661 604 711 quod
624 667 693 708 est,
716 661 1007 710 qualecumque
1026 666 1096 706 est,
1118 658 1269 709 probat.
1327 659 1457 697 Tenet

125 727 232 767 enirn
250 726 354 765 auris
372 727 435 765 vel
454 725 664 765 mediocris
684 732 825 772 orator,
840 725 889 763 sit
909 726 1031 764 modo
1050 724 1201 775 aliquid
1220 723 1262 762 in
1282 737 1330 762 eo
1345 737 1355 772 3
1384 736 1458 762 nec

125 806 186 832 res
206 794 285 831 ulla
310 794 398 843 plus
423 792 531 842 apud
556 790 711 830 animos
737 789 946 830 hominum
973 803 1092 840 quarn
1120 790 1219 828 ordo
1239 796 1278 828 et
1298 795 1458 827 ornatus

7 847 10 892 ζ
69 871 110 895 10
127 857 315 899 orationis
333 858 446 896 valet.
507 857 598 906 Qua
616 870 657 895 re
677 856 765 907 quis
788 870 836 895 ex
861 857 1023 907 populo,
1045 869 1137 894 cum
1158 856 1208 904 Q.
1226 856 1457 894 Scaevolam
1482 877 1544 910 194

127 937 198 975 pro
220 925 277 962 M.
300 922 485 973 Coponio
505 921 705 961 dicentem
731 921 885 961 audiret
904 921 944 959 in
964 934 1011 960 ea
1034 933 1163 968 causa,
1185 922 1236 960 de
1262 934 1341 971 qua
1366 927 1458 958 ante

127 988 219 1037 dixi,
250 987 463 1039 quicquam
497 986 656 1038 politius
686 994 754 1025 aut
783 986 999 1038 elegantius
1027 993 1096 1025 aut
1124 985 1290 1025 omnino
1319 985 1459 1024 melius

127 1061 195 1094 aut
213 1060 457 1104 exspectaret
475 1059 543 1091 aut
557 1065 675 1103 posse
694 1052 777 1091 fieri
798 1053 981 1102 putaret?
1023 1053 1127 1092 Cum
1147 1051 1180 1090 is
1200 1052 1278 1090 hoc
1292 1051 1460 1101 probare
1485 1070 1544 1103 195

128 1120 256 1166 vellet,
271 1120 339 1157 Μ’.
355 1117 532 1165 Curium,
546 1131 638 1156 cum
658 1117 712 1156 ita
731 1119 844 1157 heres
864 1117 1066 1156 institutus
1081 1124 1195 1164 esset,
1215 1120 1224 1137 ‘
1237 1116 1269 1155 si
1287 1116 1460 1167 pupillus

74 1199 112 1232 15
128 1191 220 1224 ante
240 1191 418 1222 mortuus
438 1190 541 1222 esset
559 1196 680 1233 quarn
706 1182 747 1221 in
773 1196 885 1221 suam
911 1184 1075 1222 tutelam
1095 1181 1290 1229 venisset,’
1310 1181 1461 1232 pupillo

31 1242 38 1245 l
130 1262 211 1288 non
234 1256 328 1287 nato
355 1249 542 1286 heredem
569 1261 655 1286 esse
681 1261 763 1286 non
792 1261 932 1298 posse:
962 1247 1059 1298 quid
1085 1247 1150 1286 ille
1178 1260 1261 1285 non
1287 1246 1385 1285 dixit
1411 1247 1462 1285 de

129 1321 455 1354 testamentorum
470 1312 581 1351 iure?
609 1313 660 1352 de
675 1312 847 1363 antiquis
859 1312 1066 1351 formulis?
1094 1325 1214 1362 quem
1228 1313 1280 1351 ad
1296 1312 1461 1350 modum

130 1378 248 1419 scribi
267 1377 516 1430 oportuisset,
531 1377 563 1416 si
582 1377 701 1417 etiarn
723 1377 804 1416 filio
823 1391 906 1417 non
926 1385 1020 1417 nato
1035 1379 1148 1417 heres
1168 1377 1464 1415 institueretur?

131 1458 250 1496 quam
279 1443 501 1494 captiosum
527 1456 613 1482 esse
639 1444 799 1494 populo,
822 1444 932 1493 quod
960 1442 1149 1494 scripturn
1179 1449 1282 1482 esset
1309 1441 1463 1493 neglegi
1485 1448 1548 1491 196

74 1523 116 1548 πο
131 1517 172 1550 et
193 1509 382 1560 opinione
401 1507 536 1559 quaeri
561 1509 784 1547 voluntates
810 1515 850 1547 et
877 1507 1199 1559 interpretatione
1227 1507 1463 1547 disertorum

29 1568 32 1569 ⁷
133 1575 277 1626 scripta
296 1573 535 1624 simplicium
555 1573 763 1612 hominum
788 1575 1037 1623 pervertere?
1092 1575 1225 1623 Quam
1252 1572 1317 1611 ille
1341 1574 1465 1611 multa
1485 1581 1548 1618 197

132 1641 184 1680 de
198 1639 430 1679 auctoritate
445 1638 566 1689 patris
580 1637 652 1686 sui,
667 1638 735 1689 qui
750 1652 906 1689 semper
919 1638 979 1677 ius
994 1638 1092 1677 illud
1107 1651 1193 1677 esse
1205 1639 1466 1677 defenderat?

133 1718 254 1756 quam
287 1703 453 1743 omnino
486 1704 611 1742 multa
643 1705 694 1742 de
731 1704 1004 1742 conservando
1042 1703 1124 1742 iure
1162 1702 1295 1742 civili?
1351 1704 1466 1752 Quae

134 1770 297 1821 quidem
340 1768 475 1808 omnia
513 1781 605 1807 curn
644 1767 767 1819 perite
807 1775 846 1807 et
889 1767 1058 1807 scienter
1093 1768 1188 1807 item
1222 1767 1390 1807 breviter
1429 1775 1468 1806 et

77 1848 116 1881 ²5
135 1848 268 1887 presse
294 1841 333 1873 et
362 1833 454 1872 satis
481 1840 619 1872 ornate
645 1840 684 1872 et
709 1834 978 1884 pereleganter
1003 1832 1161 1880 diceret,
1184 1832 1272 1883 quis
1298 1840 1401 1871 esset
1426 1832 1467 1870 in

134 1901 284 1952 populo
304 1899 372 1950 qui
394 1906 462 1937 aut
488 1905 730 1949 exspectaret
755 1906 823 1937 aut
849 1897 931 1938 fieri
957 1911 1074 1949 posse
1092 1898 1306 1949 quicquam
1327 1897 1468 1937 melius

135 1967 323 2017 putaret?
377 1967 432 2003 At
459 1978 563 2012 vero,
586 1971 628 2003 ut
657 1971 794 2003 contra
820 1964 984 2004 Crassus
1012 1964 1064 2003 ab
1091 1965 1347 2003 adulescente
1376 1963 1470 2003 deli·
1487 1967 1538 2006 53

137 2038 238 2080 cato,
252 2030 321 2081 qui
340 2029 380 2068 in
401 2030 514 2069 litore
533 2030 742 2069 ambulans
762 2030 953 2068 scalmum
974 2028 1207 2080 repperisset
1226 2029 1279 2068 ob
1300 2042 1469 2079 eamque

139 2109 221 2136 rem
251 2095 460 2135 aedificare
489 2108 630 2134 navem
660 2093 964 2145 concupivisset,
998 2107 1158 2134 exorsus
1192 2101 1261 2141 est,
1293 2093 1471 2134 similiter

79 2173 124 2207 30
140 2162 368 2201 Scaevolam
393 2174 441 2200 ex
466 2174 548 2200 uno
574 2161 724 2199 scalmo
749 2158 943 2210 captionis
968 2159 1250 2199 centumvirale
1278 2158 1469 2199 iudicium

181 2266 204 2296 6
225 2274 246 2296 a
261 2265 349 2295 malo
367 2264 456 2305 vulg.
474 2275 482 2295 :
505 2264 593 2295 malo
609 2262 639 2294 L
730 2263 918 2295 delectetur
942 2263 1006 2295 OG
1139 2273 1177 2303 13
1201 2273 1302 2304 posse
1323 2263 1397 2295 fieri
1423 2263 1470 2295 C:

139 2308 213 2340 fieri
228 2318 329 2348 posse
355 2307 419 2339 OG
551 2317 590 2347 19
613 2311 705 2338 esset
727 2307 878 2339 Ernesti:
902 2317 980 2338 esse
1004 2307 1033 2338 L
1181 2318 1222 2338 22
1245 2307 1301 2347 qui
1321 2331 1329 2339 .
1349 2331 1357 2340 .
1375 2331 1384 2340 .
1412 2308 1469 2338 de-

141 2352 296 2384 tenderat
311 2352 380 2383 secl.
397 2351 571 2383 Eberhard
671 2361 712 2391 ²4
737 2351 817 2382 item
834 2350 882 2383 M.
901 2351 1043 2392 Haupt:
1067 2355 1137 2382 tum
1153 2351 1199 2382 ita
1216 2350 1246 2383 L
1265 2363 1272 2382 :
1296 2355 1367 2382 tum
1387 2350 1469 2394 [ita]

141 2395 302 2428 Friedrich
317 2406 323 2427 ;
348 2401 483 2436 sumpta
499 2394 636 2426 Martha
751 2396 794 2426 26
817 2400 874 2426 aut
892 2399 1110 2435 exspectaret
1126 2399 1183 2426 aut
1198 2394 1267 2426 secl.
1282 2394 1378 2434 Jahn
