1696 2730
673 169 912 210 ORATOR
1434 183 1458 222 7
1479 189 1517 212 22

127 279 167 318 in
207 279 356 319 Latinis
401 279 487 319 talis
525 281 689 321 oratoris
728 282 980 322 simulacrum
1020 282 1188 334 reperire
1225 288 1455 334 possemus!

128 347 244 384 Esset
263 345 461 396 egregium
485 359 567 385 non
593 360 780 397 quaerere
806 355 975 396 externa,
998 348 1228 388 domesticis
1254 362 1339 388 esse
1365 363 1458 389 con-

126 417 266 449 tentos.
325 412 404 450 Sed
432 425 506 462 ego
535 411 656 461 idem,
683 412 751 463 qui
780 413 821 451 in
850 413 917 452 illo
941 427 1124 454 sermone
1147 421 1283 453 nostro
1303 414 1371 465 qui
1397 423 1456 454 est
1478 423 1517 455 23

126 475 326 526 expositus
355 475 396 514 in
426 478 549 516 Bruto
587 479 754 516 multum
789 478 991 517 tribuerim
1022 478 1184 526 Latinis,
1209 480 1270 518 vel
1300 487 1342 518 ut
1372 481 1459 519 hor-

88 555 106 589 5
126 547 226 579 tarer
243 540 342 579 alios
362 542 423 580 vel
443 542 553 591 quod
577 555 751 581 amarem
776 556 898 590 meos,
921 545 1106 583 recordor
1128 545 1245 594 longe
1271 544 1457 583 omnibus

125 618 248 644 unum
278 618 334 644 me
362 607 554 645 anteferre
584 608 912 656 Demosthenem,
941 621 1061 658 quem
1088 607 1205 647 velim
1233 622 1458 648 accommo-

123 670 217 708 dare
235 671 287 709 ad
307 684 395 709 eam
415 684 536 721 quam
557 671 725 710 sentiam
745 673 1130 723 eloquentiam‚,non
1149 675 1201 712 ad
1227 686 1314 712 eam
1335 687 1455 724 quam

123 733 164 773 in
192 734 328 785 aliquo
356 735 440 786 ipse
469 737 734 787 cognoverim.
796 739 890 777 Hoc
919 752 994 777 nec
1013 738 1167 789 gravior
1187 738 1334 778 exstitit
1354 738 1458 790 quis-

122 813 242 850 quam
261 814 336 839 nec
355 800 535 840 callidior
553 815 628 841 nec
648 803 910 854 temperatior.
967 805 1108 858 Itaque
1128 803 1244 843 nobis
1265 804 1456 843 monendi

67 878 106 902 10
122 873 213 903 sunt
246 865 282 904 ei
315 879 483 916 quorum
515 880 644 907 sermo
677 867 881 919 imperitus
915 868 1139 917 increbruit,
1172 868 1241 919 qui
1277 877 1346 908 aut
1376 869 1456 908 dici

121 943 163 969 se
201 930 427 970 desiderant
464 932 620 971 Atticos
657 940 726 971 aut
763 932 837 984 ipsi
875 932 1008 972 Attice
1046 935 1185 972 volunt
1229 933 1371 982 dicere,
1411 942 1456 973 ut

121 994 310 1034 mirentur
349 997 456 1035 hunc
494 997 675 1045 maxime,
715 1011 796 1048 quo
835 1012 885 1038 ne
923 1000 1101 1038 Athenas
1144 999 1307 1049 quidem
1349 999 1454 1050 ipsas

121 1059 244 1110 magis
268 1062 389 1099 credo
415 1060 535 1100 fuisse
561 1061 714 1100 Atticas
728 1077 739 1110 3
767 1062 865 1113 quid
888 1063 993 1102 enim
1021 1063 1071 1102 sit
1096 1063 1275 1102 Atticum
1299 1062 1454 1102 discant

121 1124 471 1175 eloquentiamque
491 1125 613 1176 ipsius
633 1126 792 1175 viribus,
810 1141 892 1167 non
912 1127 1182 1167 imbecillitate
1201 1141 1271 1167 sua
1291 1128 1454 1168 metian-

12 1189 13 1196 ’
63 1202 101 1234 15
121 1196 192 1228 tur.
250 1191 370 1229 Nunc
390 1190 496 1229 enim
523 1198 677 1229 tantum
706 1192 874 1243 quisque
901 1194 1034 1232 laudat
1054 1201 1246 1244 quantum
1274 1207 1316 1232 se
1335 1206 1452 1244 posse
1474 1200 1515 1232 ²4

120 1262 248 1305 sperat
268 1254 420 1294 imitari.
480 1257 559 1295 Sed
580 1263 713 1295 tamen
733 1270 801 1296 eos
822 1258 954 1297 studio
974 1258 1127 1309 optimo
1152 1258 1301 1297 iudicio
1322 1258 1452 1298 minus

120 1320 234 1358 firmo
254 1319 452 1370 praeditos
473 1321 617 1372 docere
644 1335 746 1372 quae
766 1322 815 1361 sit
839 1323 996 1374 propria
1022 1325 1105 1362 laus
1126 1323 1349 1363 Atticorum
1370 1337 1452 1362 non

117 1383 290 1424 alienum
310 1393 418 1436 puto.

23 1497 26 1499 Α
173 1450 337 1500 Semper
358 1458 555 1490 oratorum
582 1452 834 1503 eloquentiae
861 1454 1099 1493 moderatrix
1124 1453 1197 1493 fuit
1224 1454 1450 1493 auditorum
1471 1452 1495 1489 8

15 1525 33 1546 ’-
61 1535 101 1558 20
119 1515 341 1565 prudentia.
402 1517 554 1556 Omnes
592 1516 698 1556 enim
733 1517 801 1568 qui
839 1518 996 1569 probari
1033 1519 1173 1558 volunt
1205 1521 1451 1558 voluntatem

12 1572 14 1576 ’
118 1593 254 1618 eorum
275 1579 343 1630 qui
370 1580 538 1620 audiunt
562 1581 764 1621 intuentur
786 1585 838 1623 ad
862 1597 1030 1634 eamque
1050 1592 1090 1623 et
1112 1584 1164 1622 ad
1190 1597 1326 1622 eorum
1354 1583 1453 1622 arbi-

118 1644 234 1683 trium
261 1652 299 1684 et
326 1653 466 1684 nutum
494 1653 598 1686 totos
625 1660 666 1686 se
690 1649 844 1699 fingunt
867 1656 906 1688 et
931 1650 1249 1688 accommodant.
1310 1650 1451 1699 Itaque
1472 1661 1511 1694 25

119 1709 235 1749 Caria
255 1717 294 1748 et
315 1710 483 1761 Phrygia
502 1718 541 1750 et
563 1711 703 1762 Mysia,
725 1713 1020 1763 quodsminime
1040 1713 1186 1764 politae
1206 1713 1451 1764 minimeque

10 1787 28 1798 ‘
117 1775 314 1825 elegantes
357 1783 462 1824 sunt,
499 1775 722 1816 asciverunt
762 1786 899 1829 aptum
945 1778 1024 1817 suis
1068 1778 1228 1817 auribus
1270 1778 1448 1829 opimum

60 1856 98 1888 ²5
116 1841 319 1890 quoddam
341 1847 379 1879 et
399 1847 602 1891 tamquam
622 1842 806 1893 adipatae
820 1843 1005 1882 dictionis
1020 1857 1156 1894 genus,
1179 1845 1289 1893 quod
1310 1857 1449 1883 eorum

116 1903 233 1942 vicini
259 1918 340 1943 non
365 1904 419 1943 ita
443 1906 523 1944 lato
544 1905 750 1946 interiecto
772 1907 868 1946 mari
894 1908 1045 1947 Rhodii
1071 1921 1290 1958 numquam
1312 1909 1451 1959 proba-

115 1976 254 2008 verunt
292 1967 476 2022 [Graecia
511 1978 643 2018 autem
688 1974 815 2012 multo
854 1972 1013 2026 minus]‚
1054 1972 1319 2012 Athenienses
1356 1987 1449 2014 vero

157 2073 179 2103 6
202 2083 255 2104 me
282 2072 361 2104 add.
386 2072 530 2104 Schenkl
624 2084 723 2114 quem
747 2075 847 2106 velim
871 2075 1009 2116 Mahly:
1041 2076 1183 2116 eiusque
1208 2075 1275 2106 vim
1300 2074 1448 2118 Stangl:

116 2115 284 2157 huiusque
312 2117 377 2148 vim
406 2117 618 2159 Heerdegen:
655 2128 802 2158 eumque
834 2129 939 2150 unum
968 2119 1123 2160 Sauppe:
1161 2129 1227 2159 que
1260 2119 1327 2150 vim
1358 2120 1448 2152 FO:

115 2169 215 2199 quem
239 2160 306 2190 vim
334 2159 408 2191 PM
676 2171 693 2200 7
717 2161 861 2193 sentiam
888 2162 937 2194 L:
973 2163 1083 2194 sentio
1113 2163 1235 2193 maluit
1257 2162 1447 2205 Heerdegen

119 2211 158 2234 10
181 2203 244 2234 dici
275 2213 313 2234 se
345 2204 397 2235 L:
436 2204 555 2235 odiose
585 2203 636 2235 vel
664 2205 829 2236 invidiose
859 2204 1002 2247 Madvig
1173 2216 1209 2236 11
1235 2205 1301 2246 ipsi
1333 2206 1448 2239 Attice

115 2245 232 2278 volunt
261 2245 313 2278 L:
354 2246 419 2278 nisi
454 2247 569 2279 Attice
602 2248 722 2279 nolunt
755 2249 846 2280 Bake
1124 2259 1164 2281 12
1188 2259 1231 2280 ne
1256 2249 1332 2281 add.
1357 2250 1446 2283 codd.

115 2288 186 2321 dett.
314 2299 352 2330 14
378 2290 484 2330 ipsius
500 2290 529 2320 L
547 2301 554 2322 :
579 2291 667 2323 illius
682 2291 774 2323 Bake
789 2303 865 2323 cum
882 2292 971 2324 codd.
988 2293 1061 2324 dett.
1179 2303 1218 2324 21
1243 2294 1286 2324 ad
1304 2303 1447 2334 eamque

115 2333 182 2364 secl.
209 2331 302 2363 Bake
431 2344 473 2374 23
505 2334 633 2374 politae
652 2333 723 2366 17²:
755 2336 860 2376 polite
882 2335 911 2366 L
1044 2345 1086 2375 25
1109 2336 1265 2376 adipatae
1291 2335 1448 2370 Nonius-2

117 2375 250 2416 adipate
282 2376 334 2408 L:
372 2377 545 2417 adipatum
576 2378 764 2410 Lambinus
903 2389 943 2419 27
969 2379 1114 2412 Graecia
1138 2403 1146 2411 .
1170 2402 1178 2411 .
1204 2403 1211 2412 .
1235 2379 1347 2412 minus
1377 2381 1446 2414 sccl.

118 2417 270 2462 Sauppe:
293 2419 414 2452 Graeci
431 2421 521 2462 vulg.
