1630 2730
694 157 912 197 BRVTVS
1199 196 1205 202 .
1418 162 1470 209 58
1492 177 1506 199 2
1514 177 1528 201 1
1536 179 1551 200 2

137 265 301 315 iudicas,
322 269 453 307 Brute.
511 268 671 308 Etenim
691 268 802 308 istius
821 282 946 320 genus
965 276 1024 309 est
1044 283 1091 309 ex
1111 269 1233 320 ipsius
1254 271 1470 322 sapientiae

136 330 255 382 stirpe
284 340 525 383 generatum.
585 336 690 373 Nam
721 342 761 374 et
793 337 845 374 de
873 335 1032 375 duobus
1065 335 1147 374 avis
1176 335 1253 374 iam
1284 336 1467 386 diximus,

135 396 322 448 Scipione
350 405 389 438 et
416 399 570 447 Crasso,
592 407 632 439 et
660 402 711 440 de
739 400 863 440 tribus
892 401 1058 452 proavis,
1081 402 1132 451 Q.
1156 403 1332 449 Metello,
1356 402 1468 441 cuius

134 470 320 513 quattuor
345 465 410 503 illi
429 465 508 514 filii,
527 467 569 504 P.
592 465 787 517 Scipione,
810 466 879 517 qui
905 480 952 506 ex
978 466 1185 506 dominatu
1213 467 1273 506 Ti.
1298 468 1469 510 Gracchi

97 537 116 570 5
133 528 306 579 privatus
326 529 367 568 in
387 530 609 570 libertatem
629 545 712 571 rem
735 531 937 583 publicam
957 531 1182 580 vindicavit,
1206 533 1254 582 Q.
1279 534 1469 572 Scaevola

131 606 288 645 augure,
312 595 380 646 qui
399 595 658 647 peritissimus
678 597 772 636 iuris
792 597 980 648 idemque
999 597 1195 648 percomis
1215 605 1274 637 est
1294 598 1463 638 habitus.

133 660 220 698 Iam
241 661 410 699 duorum
430 662 645 701 abavorum
666 676 785 713 quam
806 670 865 702 est
884 662 1047 702 inlustre
1070 677 1228 710 nomen,
1253 665 1294 702 P.
1318 663 1466 715 Scipio·
1487 672 1550 704 2¹3

131 725 203 774 nis,
235 726 303 776 qui
331 727 392 766 bis
421 730 561 767 consul
590 728 673 776 fuit,
703 729 772 779 qui
801 737 859 768 est
889 730 1104 769 Corculum
1134 729 1276 777 dictus,
1306 730 1465 769 alterius

131 791 312 830 omnium
360 792 648 844 sapientissimi,
689 795 734 834 C.
776 794 994 834 Laeli.-—O
1032 808 1276 845 generosam,
1323 795 1462 846 inquit,

12 866 15 868 ’
77 870 115 895 10
131 856 291 907 stirpem
316 865 355 896 et
381 866 584 909 tamquam
611 859 652 898 in
681 873 802 898 unam
830 860 1011 899 arborem
1038 861 1150 910 plura
1175 874 1329 911 genera,
1348 860 1463 900 sicin

130 921 246 960 istam
261 923 428 962 domurn
444 925 658 963 multorum
679 924 837 963 insitam
852 923 988 978 [atque
1003 924 1296 979 inluminatam]
1314 925 1465 977 sapien·

130 986 224 1025 tiam
245 988 495 1028 l—Similiter
509 989 626 1040 igitur
637 989 826 1040 suspicor,
841 998 884 1029 ut
899 992 1148 1030 conferamus
1163 1004 1282 1042 parva
1298 991 1462 1042 magnis,
1481 990 1536 1030 59

130 1052 327 1101 Curionis,
342 1053 415 1093 etsi
434 1054 608 1105 pupillus
623 1055 781 1094 relictus
797 1062 866 1104 est,
881 1055 1008 1106 patrio
1023 1055 1143 1095 fuisse
1163 1056 1343 1096 instituto
1363 1070 1463 1108 puro

129 1130 311 1158 sermone
331 1121 600 1159 adsuefactam
617 1121 783 1159 domum
798 1135 809 1169 3
838 1128 877 1160 et
892 1134 941 1160 eo
961 1120 1084 1172 magis
1105 1122 1182 1160 hoc
1202 1121 1337 1161 iudico
1353 1124 1462 1173 quod

26 1210 30 1214 -
71 1199 110 1233 15
129 1184 330 1224 neminem
356 1199 402 1224 ex
421 1185 482 1224 his
503 1185 676 1236 quidem,
700 1186 768 1236 qui
795 1186 930 1236 aliquo
955 1186 995 1224 in
1022 1200 1190 1226 numero
1210 1188 1378 1236 fuerunt,
1400 1201 1462 1227 co-

127 1250 245 1301 gnovi
265 1251 305 1289 in
326 1251 436 1290 omni
454 1265 596 1302 genere
616 1253 871 1291 honestarum
887 1252 1029 1291 artium
1045 1259 1126 1291 tam
1146 1252 1365 1301 indoctum,
1380 1260 1460 1292 tam

127 1316 277 1355 rudem.
337 1318 502 1355 Nullum
522 1316 587 1356 ille
606 1324 766 1367 poetam
793 1325 965 1365 noverat,
989 1319 1142 1357 nullum
1168 1319 1313 1369 legerat
1337 1326 1462 1357 orato·
1483 1331 1546 1364 214

127 1395 221 1430 rem,
243 1383 393 1421 nullam
420 1382 652 1422 memoriam
678 1383 923 1434 antiquitatis
950 1385 1174 1434 conlegerat
1188 1398 1200 1432 ,·
1228 1396 1309 1422 non
1335 1384 1462 1434 publi-

32 1487 33 1490 *
128 1459 219 1485 cum
235 1446 307 1495 ius,
323 1461 403 1487 non
423 1447 618 1498 privatum
634 1455 673 1487 et
689 1447 802 1487 civile
818 1455 1066 1499 cognoverat.
1110 1449 1365 1499 Quamquam
1382 1449 1460 1489 hoc

70 1525 112 1549 ιο
128 1512 289 1562 quidem
312 1513 384 1552 fuit
403 1513 521 1552 etiam
541 1513 582 1552 in
602 1513 686 1553 aliis
702 1521 742 1553 et
761 1513 913 1565 magnis
929 1514 1091 1565 quidem
1112 1514 1343 1562 oratoribus,
1359 1527 1460 1565 quos

12 1564 18 1577 ’Δ
127 1590 265 1628 parum
293 1578 353 1618 his
379 1578 591 1618 instructos
616 1579 765 1618 artibus
788 1579 971 1628 vidimus,
994 1587 1037 1618 ut
1063 1579 1296 1630 Sulpicium,
1317 1587 1359 1619 ut
1379 1581 1460 1618 An-

27 1686 30 1690 ,
125 1642 291 1682 tonium.
350 1645 429 1683 Sed
449 1644 485 1683 ei
506 1652 639 1684 tamen
663 1658 787 1683 unum
817 1644 915 1684 illud
938 1645 1141 1684 habebant
1167 1644 1329 1684 dicendi
1357 1657 1458 1695 opus

24 1697 30 1701 ³
89 1729 97 1735 ·
125 1708 369 1747 elaboratum
387 1724 397 1757 ;
437 1709 559 1760 idque
591 1723 682 1748 cum
722 1717 919 1749 constaret
953 1723 1000 1749 ex
1033 1709 1210 1760 quinque
1242 1709 1458 1749 notissimis

125 1771 312 1822 partibus,
336 1786 455 1812 nemo
475 1772 515 1811 in
535 1774 666 1823 aliqua
686 1781 796 1823 parte
816 1787 949 1812 earum
970 1773 1136 1812 omnino
1156 1773 1254 1812 nihil
1279 1781 1456 1824 poterat:

14 1877 17 1878 γ
65 1851 106 1885 ²5
126 1836 165 1875 in
195 1851 448 1889 quacumque
476 1838 583 1877 enim
612 1853 691 1877 una
719 1841 836 1889 plane
865 1839 1078 1887 clauderet,
1104 1846 1234 1878 orator
1262 1852 1348 1878 esse
1373 1853 1456 1879 non

124 1910 258 1953 posset
272 1918 283 1951 ς
312 1905 382 1943 sed
403 1911 536 1943 tamen
555 1903 654 1943 alius
674 1904 714 1942 in
734 1904 811 1943 alia
834 1905 1050 1943 excellebat
1077 1904 1211 1955 magis.
1271 1905 1456 1955 Reperie-
1476 1917 1537 1949 2¹5

122 1967 191 2007 bat
210 1968 306 2019 quid
327 1969 406 2008 dici
426 1983 526 2020 opus
546 1977 649 2009 esset
669 1977 707 2009 et
727 1983 808 2020 quo
823 1971 946 2009 modo
965 1969 1186 2021 praeparari
1206 1977 1245 2009 et
1265 1984 1345 2021 quo
1365 1972 1454 2010 loco

122 2033 251 2081 locari,
281 2034 551 2086 memoriaque
579 2048 626 2074 ea
654 2036 967 2086 comprendebat
995 2035 1206 2084 Antonius,
1238 2037 1455 2076 excellebat

120 2106 253 2138 autem
287 2100 468 2148 actione;
510 2098 734 2153 erant[que]
765 2100 801 2140 ei
830 2102 1026 2152 quaedam
1057 2114 1105 2140 ex
1134 2100 1195 2140 his
1226 2101 1334 2152 paria
1361 2116 1453 2141 cum

164 2214 184 2242 4
207 2208 368 2243 quattuor
384 2203 431 2235 illi
450 2204 507 2235 filii
529 2204 625 2243 Jahn
641 2215 648 2235 :
680 2209 840 2243 quattuor
851 2204 910 2235 filii
928 2203 980 2236 L:
1014 2210 1176 2244 quattuor
1193 2206 1251 2237 filii
1268 2206 1455 2238 consulares

121 2245 247 2287 Campe
394 2257 429 2278 11
453 2253 555 2287 atque
572 2247 802 2279 inluminatam
819 2247 849 2278 L
875 2249 958 2288 (secl.
978 2249 1120 2289 Kayser)
1138 2261 1145 2281 :
1177 2254 1279 2289 atque
1301 2249 1453 2282 innatam

118 2288 263 2322 Schutz:
287 2295 390 2330 atque
406 2291 642 2323 inseminatam
659 2290 797 2332 Stangl:
821 2291 881 2323 alii
893 2293 958 2323 alia
1057 2303 1100 2332 19
1115 2293 1179 2324 hoc
1196 2293 1285 2334 vulg.
1301 2305 1309 2325 ε
1332 2294 1387 2326 hic
1403 2293 1451 2327 F:

120 2333 154 2365 id
172 2333 200 2365 C
338 2345 379 2374 24
405 2334 535 2377 [parte]
554 2345 668 2366 earum
691 2335 820 2367 Vassis:
845 2335 990 2375 partium
1007 2346 1123 2367 earum
1138 2336 1267 2378 Stangl
1410 2347 1452 2378 27

119 2378 322 2454 ἕ),,ῐ·(ε)ιερειιι·ατίἵ
332 2379 443 2453 “gig-²
471 2389 675 2420 praeparare
702 2378 752 2410 L:
787 2380 945 2420 apparari
964 2379 1088 2422 Campe
1219 2391 1261 2422 29
1285 2385 1452 2423 erantque

191 2433 198 2454 :
224 2431 306 2453 eran
