<?xml version="1.0" encoding="UTF-8"?>
<!DOCTYPE html PUBLIC "-//W3C//DTD XHTML 1.0 Transitional//EN"
    "http://www.w3.org/TR/xhtml1/DTD/xhtml1-transitional.dtd">
<html xmlns="http://www.w3.org/1999/xhtml" xml:lang="en" lang="en">
 <head>
  <title>
</title>
<meta http-equiv="Content-Type" content="text/html;charset=utf-8" />
  <meta name='ocr-system' content='tesseract 3.04.00' />
  <meta name='ocr-capabilities' content='ocr_page ocr_carea ocr_par ocr_line ocrx_word'/>
</head>
<body>
  <div class='ocr_page' id='page_1' title='image "./rhetoricarecogno02ciceuoft_0283.png"; bbox 0 0 1696 2730; ppageno 0'>
   <div class='ocr_carea' id='block_1_1' title="bbox 704 152 1549 200">
    <p class='ocr_par' dir='ltr' id='par_1_1' title="bbox 704 152 1549 200">
     <span class='ocr_line' id='line_1_1' title="bbox 704 152 1549 200; baseline -0.001 -10"><span class='ocrx_word' id='word_1_1' title='bbox 704 152 916 192; x_wconf 82' lang='lat' dir='ltr'><strong>ToPICA</strong></span> <span class='ocrx_word' id='word_1_2' title='bbox 1431 152 1487 191; x_wconf 80' lang='lat'><strong>26</strong></span> <span class='ocrx_word' id='word_1_3' title='bbox 1507 158 1549 200; x_wconf 86' lang='lat'><strong>98</strong></span> 
     </span>
    </p>
   </div>
   <div class='ocr_carea' id='block_1_2' title="bbox 122 232 1552 834">
    <p class='ocr_par' dir='ltr' id='par_1_2' title="bbox 122 232 1552 834">
     <span class='ocr_line' id='line_1_2' title="bbox 159 232 1489 306; baseline -0.002 -10"><span class='ocrx_word' id='word_1_4' title='bbox 159 255 269 296; x_wconf 89' lang='lat' dir='ltr'><strong>omni</strong></span> <span class='ocrx_word' id='word_1_5' title='bbox 301 255 452 295; x_wconf 92' lang='lat' dir='ltr'><strong>ratione</strong></span> <span class='ocrx_word' id='word_1_6' title='bbox 484 254 655 295; x_wconf 91' lang='lat' dir='ltr'><strong>dicendi.</strong></span> <span class='ocrx_word' id='word_1_7' title='bbox 715 232 916 295; x_wconf 62' lang='lat' dir='ltr'><strong>fferoratio</strong></span> <span class='ocrx_word' id='word_1_8' title='bbox 948 263 1081 295; x_wconf 88' lang='lat' dir='ltr'><strong>autem</strong></span> <span class='ocrx_word' id='word_1_9' title='bbox 1115 262 1155 295; x_wconf 90' lang='lat' dir='ltr'><strong>et</strong></span> <span class='ocrx_word' id='word_1_10' title='bbox 1186 254 1263 294; x_wconf 89' lang='lat' dir='ltr'><strong>alia</strong></span> <span class='ocrx_word' id='word_1_11' title='bbox 1291 256 1489 306; x_wconf 83' lang='lat' dir='ltr'>quaedam</span> 
     </span>
     <span class='ocr_line' id='line_1_3' title="bbox 159 319 1491 370; baseline -0.001 -10"><span class='ocrx_word' id='word_1_12' title='bbox 159 322 280 361; x_wconf 91' lang='lat' dir='ltr'><strong>habet</strong></span> <span class='ocrx_word' id='word_1_13' title='bbox 305 329 344 360; x_wconf 90' lang='lat' dir='ltr'><strong>et</strong></span> <span class='ocrx_word' id='word_1_14' title='bbox 369 320 538 360; x_wconf 85' lang='lat' dir='ltr'>maxime</span> <span class='ocrx_word' id='word_1_15' title='bbox 563 319 924 370; x_wconf 90' lang='lat' dir='ltr'><strong>amplificationem,</strong></span> <span class='ocrx_word' id='word_1_16' title='bbox 953 320 1066 359; x_wconf 92' lang='lat' dir='ltr'><strong>cuius</strong></span> <span class='ocrx_word' id='word_1_17' title='bbox 1091 321 1254 359; x_wconf 88' lang='lat' dir='ltr'><strong>effectus</strong></span> <span class='ocrx_word' id='word_1_18' title='bbox 1279 320 1344 359; x_wconf 88' lang='lat' dir='ltr'><strong>hic</strong></span> <span class='ocrx_word' id='word_1_19' title='bbox 1369 321 1491 360; x_wconf 85' lang='lat' dir='ltr'><strong>debet</strong></span> 
     </span>
     <span class='ocr_line' id='line_1_4' title="bbox 159 385 1492 436; baseline -0.002 -10"><span class='ocrx_word' id='word_1_20' title='bbox 159 399 256 435; x_wconf 89' lang='lat' dir='ltr'><strong>esse,</strong></span> <span class='ocrx_word' id='word_1_21' title='bbox 278 394 322 424; x_wconf 87' lang='lat' dir='ltr'><strong>ut</strong></span> <span class='ocrx_word' id='word_1_22' title='bbox 346 393 414 425; x_wconf 90' lang='lat' dir='ltr'><strong>aut</strong></span> <span class='ocrx_word' id='word_1_23' title='bbox 439 385 717 436; x_wconf 87' lang='lat' dir='ltr'><strong>perturbentur</strong></span> <span class='ocrx_word' id='word_1_24' title='bbox 741 385 865 424; x_wconf 90' lang='lat' dir='ltr'><strong>animi</strong></span> <span class='ocrx_word' id='word_1_25' title='bbox 891 393 958 424; x_wconf 91' lang='lat' dir='ltr'><strong>aut</strong></span> <span class='ocrx_word' id='word_1_26' title='bbox 986 385 1287 436; x_wconf 86' lang='lat' dir='ltr'>tranquillentur</span> <span class='ocrx_word' id='word_1_27' title='bbox 1305 392 1355 434; x_wconf 90' lang='lat' dir='ltr'><strong>et,</strong></span> <span class='ocrx_word' id='word_1_28' title='bbox 1382 385 1414 424; x_wconf 90' lang='lat' dir='ltr'><strong>si</strong></span> <span class='ocrx_word' id='word_1_29' title='bbox 1437 385 1492 424; x_wconf 88' lang='lat' dir='ltr'><strong>ita</strong></span> 
     </span>
     <span class='ocr_line' id='line_1_5' title="bbox 158 450 1491 501; baseline -0.001 -11"><span class='ocrx_word' id='word_1_30' title='bbox 158 450 305 491; x_wconf 86' lang='lat' dir='ltr'><strong>adfecti</strong></span> <span class='ocrx_word' id='word_1_31' title='bbox 323 450 402 489; x_wconf 90' lang='lat' dir='ltr'><strong>iam</strong></span> <span class='ocrx_word' id='word_1_32' title='bbox 422 457 514 489; x_wconf 88' lang='lat' dir='ltr'><strong>ante</strong></span> <span class='ocrx_word' id='word_1_33' title='bbox 533 450 625 498; x_wconf 90' lang='lat' dir='ltr'><strong>sint,</strong></span> <span class='ocrx_word' id='word_1_34' title='bbox 646 457 688 489; x_wconf 91' lang='lat' dir='ltr'><strong>ut</strong></span> <span class='ocrx_word' id='word_1_35' title='bbox 707 458 775 489; x_wconf 91' lang='lat' dir='ltr'><strong>aut</strong></span> <span class='ocrx_word' id='word_1_36' title='bbox 798 458 940 501; x_wconf 88' lang='lat' dir='ltr'><strong>augeat</strong></span> <span class='ocrx_word' id='word_1_37' title='bbox 965 464 1102 489; x_wconf 90' lang='lat' dir='ltr'><strong>eorum</strong></span> <span class='ocrx_word' id='word_1_38' title='bbox 1129 458 1261 489; x_wconf 87' lang='lat' dir='ltr'><strong>motus</strong></span> <span class='ocrx_word' id='word_1_39' title='bbox 1286 457 1354 489; x_wconf 90' lang='lat' dir='ltr'><strong>aut</strong></span> <span class='ocrx_word' id='word_1_40' title='bbox 1379 451 1491 489; x_wconf 90' lang='lat' dir='ltr'><strong>sedet</strong></span> 
     </span>
     <span class='ocr_line' id='line_1_6' title="bbox 122 513 1552 567; baseline 0 -13"><span class='ocrx_word' id='word_1_41' title='bbox 122 527 141 559; x_wconf 80' lang='grc'>5</span> <span class='ocrx_word' id='word_1_42' title='bbox 160 514 295 555; x_wconf 88' lang='lat' dir='ltr'><strong>oratio.</strong></span> <span class='ocrx_word' id='word_1_43' title='bbox 366 514 476 554; x_wconf 89' lang='lat' dir='ltr'><strong>Huic</strong></span> <span class='ocrx_word' id='word_1_44' title='bbox 501 513 645 565; x_wconf 83' lang='lat' dir='ltr'>generi,</span> <span class='ocrx_word' id='word_1_45' title='bbox 677 514 719 553; x_wconf 90' lang='lat' dir='ltr'><strong>in</strong></span> <span class='ocrx_word' id='word_1_46' title='bbox 747 528 827 565; x_wconf 93' lang='lat' dir='ltr'><strong>quo</strong></span> <span class='ocrx_word' id='word_1_47' title='bbox 857 522 897 554; x_wconf 89' lang='lat' dir='ltr'><strong>et</strong></span> <span class='ocrx_word' id='word_1_48' title='bbox 926 515 1195 554; x_wconf 81' lang='lat' dir='ltr'>misericordia</span> <span class='ocrx_word' id='word_1_49' title='bbox 1224 522 1264 554; x_wconf 89' lang='lat' dir='ltr'><strong>et</strong></span> <span class='ocrx_word' id='word_1_50' title='bbox 1289 515 1493 554; x_wconf 83' lang='lat' dir='ltr'>iracundia</span> <span class='ocrx_word' id='word_1_51' title='bbox 1509 533 1552 567; x_wconf 91' lang='lat'><strong>99</strong></span> 
     </span>
     <span class='ocr_line' id='line_1_7' title="bbox 159 579 1494 632; baseline 0 -13"><span class='ocrx_word' id='word_1_52' title='bbox 159 588 199 620; x_wconf 87' lang='lat' dir='ltr'><strong>et</strong></span> <span class='ocrx_word' id='word_1_53' title='bbox 231 579 369 619; x_wconf 90' lang='lat' dir='ltr'><strong>odium</strong></span> <span class='ocrx_word' id='word_1_54' title='bbox 403 587 442 619; x_wconf 91' lang='lat' dir='ltr'><strong>et</strong></span> <span class='ocrx_word' id='word_1_55' title='bbox 474 579 623 619; x_wconf 89' lang='lat' dir='ltr'><strong>invidia</strong></span> <span class='ocrx_word' id='word_1_56' title='bbox 656 587 695 619; x_wconf 93' lang='lat' dir='ltr'><strong>et</strong></span> <span class='ocrx_word' id='word_1_57' title='bbox 728 587 882 619; x_wconf 91' lang='lat' dir='ltr'><strong>ceterae</strong></span> <span class='ocrx_word' id='word_1_58' title='bbox 914 580 1036 618; x_wconf 90' lang='lat' dir='ltr'><strong>animi</strong></span> <span class='ocrx_word' id='word_1_59' title='bbox 1069 580 1314 620; x_wconf 83' lang='lat' dir='ltr'>adfectiones</span> <span class='ocrx_word' id='word_1_60' title='bbox 1346 588 1494 632; x_wconf 90' lang='lat' dir='ltr'><strong>pertur-</strong></span> 
     </span>
     <span class='ocr_line' id='line_1_8' title="bbox 160 643 1492 698; baseline 0.001 -14"><span class='ocrx_word' id='word_1_61' title='bbox 160 646 313 693; x_wconf 85' lang='lat' dir='ltr'><strong>bantur,</strong></span> <span class='ocrx_word' id='word_1_62' title='bbox 330 652 541 696; x_wconf 88' lang='lat' dir='ltr'><strong>praecepta</strong></span> <span class='ocrx_word' id='word_1_63' title='bbox 559 644 862 696; x_wconf 85' lang='lat' dir='ltr'><strong>suppeditantur</strong></span> <span class='ocrx_word' id='word_1_64' title='bbox 881 644 966 683; x_wconf 85' lang='lat' dir='ltr'><strong>aliis</strong></span> <span class='ocrx_word' id='word_1_65' title='bbox 988 643 1064 698; x_wconf 91' lang='lat' dir='ltr'><strong>[in]</strong></span> <span class='ocrx_word' id='word_1_66' title='bbox 1085 645 1204 693; x_wconf 89' lang='lat' dir='ltr'><strong>libris,</strong></span> <span class='ocrx_word' id='word_1_67' title='bbox 1227 659 1327 696; x_wconf 88' lang='lat' dir='ltr'><strong>quos</strong></span> <span class='ocrx_word' id='word_1_68' title='bbox 1346 645 1492 696; x_wconf 89' lang='lat' dir='ltr'><strong>poteris</strong></span> 
     </span>
     <span class='ocr_line' id='line_1_9' title="bbox 162 709 1493 761; baseline 0.001 -12"><span class='ocrx_word' id='word_1_69' title='bbox 162 723 319 749; x_wconf 90' lang='lat' dir='ltr'><strong>mecum</strong></span> <span class='ocrx_word' id='word_1_70' title='bbox 355 711 481 761; x_wconf 90' lang='lat' dir='ltr'><strong>legere</strong></span> <span class='ocrx_word' id='word_1_71' title='bbox 517 723 609 749; x_wconf 92' lang='lat' dir='ltr'><strong>cum</strong></span> <span class='ocrx_word' id='word_1_72' title='bbox 642 711 762 749; x_wconf 89' lang='lat' dir='ltr'><strong>voles.</strong></span> <span class='ocrx_word' id='word_1_73' title='bbox 834 711 899 749; x_wconf 93' lang='lat' dir='ltr'><strong>Ad</strong></span> <span class='ocrx_word' id='word_1_74' title='bbox 933 709 975 749; x_wconf 91' lang='lat' dir='ltr'><strong>id</strong></span> <span class='ocrx_word' id='word_1_75' title='bbox 1008 718 1141 749; x_wconf 91' lang='lat' dir='ltr'><strong>autem</strong></span> <span class='ocrx_word' id='word_1_76' title='bbox 1175 712 1284 761; x_wconf 91' lang='lat' dir='ltr'><strong>quod</strong></span> <span class='ocrx_word' id='word_1_77' title='bbox 1322 718 1360 750; x_wconf 92' lang='lat' dir='ltr'><strong>te</strong></span> <span class='ocrx_word' id='word_1_78' title='bbox 1392 712 1493 750; x_wconf 89' lang='lat' dir='ltr'><strong>velle</strong></span> 
     </span>
     <span class='ocr_line' id='line_1_10' title="bbox 161 775 1490 834; baseline 0.001 -20"><span class='ocrx_word' id='word_1_79' title='bbox 161 788 374 823; x_wconf 86' lang='lat' dir='ltr'><strong>senseram,</strong></span> <span class='ocrx_word' id='word_1_80' title='bbox 395 776 596 814; x_wconf 87' lang='lat' dir='ltr'><strong>cumulate</strong></span> <span class='ocrx_word' id='word_1_81' title='bbox 615 775 709 814; x_wconf 89' lang='lat' dir='ltr'><strong>satis</strong></span> <span class='ocrx_word' id='word_1_82' title='bbox 732 777 881 814; x_wconf 90' lang='lat' dir='ltr'><strong>factum</strong></span> <span class='ocrx_word' id='word_1_83' title='bbox 911 788 997 814; x_wconf 87' lang='lat' dir='ltr'><strong>esse</strong></span> <span class='ocrx_word' id='word_1_84' title='bbox 1027 775 1148 815; x_wconf 90' lang='lat' dir='ltr'><strong>debet</strong></span> <span class='ocrx_word' id='word_1_85' title='bbox 1166 776 1360 834; x_wconf 77' lang='lat' dir='ltr'><strong>voluntati</strong></span> <span class='ocrx_word' id='word_1_86' title='bbox 1388 783 1490 815; x_wconf 90' lang='lat' dir='ltr'><strong>tuae.</strong></span> 
     </span>
    </p>
   </div>
   <div class='ocr_carea' id='block_1_3' title="bbox 38 839 1577 891">
    <p class='ocr_par' dir='ltr' id='par_1_3' title="bbox 38 839 1577 891">
     <span class='ocr_line' id='line_1_11' title="bbox 38 839 1577 891; baseline -0.001 -13"><span class='ocrx_word' id='word_1_87' title='bbox 38 839 41 841; x_wconf 77' lang='grc'><strong>’</strong></span> <span class='ocrx_word' id='word_1_88' title='bbox 103 854 143 877; x_wconf 86' lang='lat'><strong>10</strong></span> <span class='ocrx_word' id='word_1_89' title='bbox 162 841 268 878; x_wconf 91' lang='lat' dir='ltr'><strong>Nam</strong></span> <span class='ocrx_word' id='word_1_90' title='bbox 287 853 339 879; x_wconf 91' lang='lat' dir='ltr'><strong>ne</strong></span> <span class='ocrx_word' id='word_1_91' title='bbox 365 839 616 891; x_wconf 86' lang='lat' dir='ltr'><strong>praeterirem</strong></span> <span class='ocrx_word' id='word_1_92' title='bbox 635 839 787 890; x_wconf 93' lang='lat' dir='ltr'><strong>aliquid</strong></span> <span class='ocrx_word' id='word_1_93' title='bbox 813 841 924 890; x_wconf 88' lang='lat' dir='ltr'><strong>quod</strong></span> <span class='ocrx_word' id='word_1_94' title='bbox 948 841 1000 879; x_wconf 90' lang='lat' dir='ltr'><strong>ad</strong></span> <span class='ocrx_word' id='word_1_95' title='bbox 1026 848 1302 891; x_wconf 88' lang='lat' dir='ltr'><strong>argumentum</strong></span> <span class='ocrx_word' id='word_1_96' title='bbox 1322 840 1362 879; x_wconf 93' lang='lat' dir='ltr'><strong>in</strong></span> <span class='ocrx_word' id='word_1_97' title='bbox 1383 841 1494 880; x_wconf 90' lang='lat' dir='ltr'><strong>omni</strong></span> <span class='ocrx_word' id='word_1_98' title='bbox 1515 854 1577 877; x_wconf 91' lang='lat'><strong>100</strong></span> 
     </span>
    </p>
   </div>
   <div class='ocr_carea' id='block_1_4' title="bbox 161 904 1495 1152">
    <p class='ocr_par' dir='ltr' id='par_1_4' title="bbox 161 904 1495 1152">
     <span class='ocr_line' id='line_1_12' title="bbox 162 904 1495 956; baseline 0.002 -13"><span class='ocrx_word' id='word_1_99' title='bbox 162 904 313 944; x_wconf 90' lang='lat' dir='ltr'><strong>ratione</strong></span> <span class='ocrx_word' id='word_1_100' title='bbox 338 904 615 956; x_wconf 89' lang='lat' dir='ltr'><strong>reperiendum</strong></span> <span class='ocrx_word' id='word_1_101' title='bbox 643 904 865 955; x_wconf 90' lang='lat' dir='ltr'><strong>pertineret,</strong></span> <span class='ocrx_word' id='word_1_102' title='bbox 886 905 999 956; x_wconf 92' lang='lat' dir='ltr'><strong>plura</strong></span> <span class='ocrx_word' id='word_1_103' title='bbox 1025 919 1144 956; x_wconf 89' lang='lat' dir='ltr'><strong>quam</strong></span> <span class='ocrx_word' id='word_1_104' title='bbox 1164 919 1188 944; x_wconf 87' lang='lat' dir='ltr'><strong>a</strong></span> <span class='ocrx_word' id='word_1_105' title='bbox 1207 913 1246 945; x_wconf 93' lang='lat' dir='ltr'><strong>te</strong></span> <span class='ocrx_word' id='word_1_106' title='bbox 1271 906 1495 946; x_wconf 89' lang='lat' dir='ltr'><strong>desiderata</strong></span> 
     </span>
     <span class='ocr_line' id='line_1_13' title="bbox 161 969 1494 1021; baseline 0.002 -13"><span class='ocrx_word' id='word_1_107' title='bbox 161 977 272 1009; x_wconf 89' lang='lat' dir='ltr'><strong>erant</strong></span> <span class='ocrx_word' id='word_1_108' title='bbox 291 983 378 1009; x_wconf 89' lang='lat' dir='ltr'><strong>sum</strong></span> <span class='ocrx_word' id='word_1_109' title='bbox 400 971 630 1021; x_wconf 87' lang='lat' dir='ltr'><strong>complexus</strong></span> <span class='ocrx_word' id='word_1_110' title='bbox 645 969 801 1021; x_wconf 87' lang='lat' dir='ltr'><strong>fecique</strong></span> <span class='ocrx_word' id='word_1_111' title='bbox 817 971 927 1020; x_wconf 91' lang='lat' dir='ltr'><strong>quod</strong></span> <span class='ocrx_word' id='word_1_112' title='bbox 941 983 1059 1021; x_wconf 88' lang='lat' dir='ltr'><strong>saepe</strong></span> <span class='ocrx_word' id='word_1_113' title='bbox 1074 970 1254 1010; x_wconf 89' lang='lat' dir='ltr'><strong>liberales</strong></span> <span class='ocrx_word' id='word_1_114' title='bbox 1267 971 1494 1011; x_wconf 90' lang='lat' dir='ltr'><strong>venditores</strong></span> 
     </span>
     <span class='ocr_line' id='line_1_14' title="bbox 161 1036 1494 1083; baseline 0.002 -9"><span class='ocrx_word' id='word_1_115' title='bbox 161 1036 299 1081; x_wconf 88' lang='lat' dir='ltr'><strong>solent,</strong></span> <span class='ocrx_word' id='word_1_116' title='bbox 335 1042 389 1083; x_wconf 90' lang='lat' dir='ltr'><strong>ut,</strong></span> <span class='ocrx_word' id='word_1_117' title='bbox 425 1048 516 1074; x_wconf 91' lang='lat' dir='ltr'><strong>cum</strong></span> <span class='ocrx_word' id='word_1_118' title='bbox 549 1036 669 1074; x_wconf 88' lang='lat' dir='ltr'><strong>aedes</strong></span> <span class='ocrx_word' id='word_1_119' title='bbox 707 1036 926 1075; x_wconf 89' lang='lat' dir='ltr'><strong>fundumve</strong></span> <span class='ocrx_word' id='word_1_120' title='bbox 958 1036 1209 1076; x_wconf 89' lang='lat' dir='ltr'><strong>vendiderint</strong></span> <span class='ocrx_word' id='word_1_121' title='bbox 1241 1036 1337 1075; x_wconf 87' lang='lat' dir='ltr'><strong>rutis</strong></span> <span class='ocrx_word' id='word_1_122' title='bbox 1369 1036 1494 1076; x_wconf 89' lang='lat' dir='ltr'><strong>caesis</strong></span> 
     </span>
     <span class='ocr_line' id='line_1_15' title="bbox 161 1099 1495 1152; baseline 0.002 -14"><span class='ocrx_word' id='word_1_123' title='bbox 161 1099 339 1150; x_wconf 89' lang='lat' dir='ltr'><strong>receptis,</strong></span> <span class='ocrx_word' id='word_1_124' title='bbox 371 1101 596 1139; x_wconf 89' lang='lat' dir='ltr'><strong>concedant</strong></span> <span class='ocrx_word' id='word_1_125' title='bbox 629 1108 763 1139; x_wconf 86' lang='lat' dir='ltr'><strong>tamen</strong></span> <span class='ocrx_word' id='word_1_126' title='bbox 801 1100 952 1151; x_wconf 89' lang='lat' dir='ltr'><strong>aliquid</strong></span> <span class='ocrx_word' id='word_1_127' title='bbox 981 1101 1151 1152; x_wconf 89' lang='lat' dir='ltr'><strong>emptori</strong></span> <span class='ocrx_word' id='word_1_128' title='bbox 1183 1103 1293 1152; x_wconf 90' lang='lat' dir='ltr'><strong>quod</strong></span> <span class='ocrx_word' id='word_1_129' title='bbox 1326 1102 1495 1141; x_wconf 88' lang='lat' dir='ltr'><strong>ornandi</strong></span> 
     </span>
    </p>
   </div>
   <div class='ocr_carea' id='block_1_5' title="bbox 37 1165 1494 1216">
    <p class='ocr_par' dir='ltr' id='par_1_5' title="bbox 37 1165 1494 1216">
     <span class='ocr_line' id='line_1_16' title="bbox 37 1165 1494 1216; baseline 0.003 -14"><span class='ocrx_word' id='word_1_130' title='bbox 37 1188 39 1190; x_wconf 89' lang='lat'><em>-</em></span> <span class='ocrx_word' id='word_1_131' title='bbox 105 1175 142 1210; x_wconf 80' lang='lat'><strong>15</strong></span> <span class='ocrx_word' id='word_1_132' title='bbox 160 1177 280 1204; x_wconf 91' lang='lat' dir='ltr'><strong>causa</strong></span> <span class='ocrx_word' id='word_1_133' title='bbox 307 1172 399 1216; x_wconf 88' lang='lat' dir='ltr'><strong>apte</strong></span> <span class='ocrx_word' id='word_1_134' title='bbox 426 1172 464 1204; x_wconf 91' lang='lat' dir='ltr'><strong>et</strong></span> <span class='ocrx_word' id='word_1_135' title='bbox 493 1166 583 1205; x_wconf 89' lang='lat' dir='ltr'><strong>loco</strong></span> <span class='ocrx_word' id='word_1_136' title='bbox 612 1165 787 1216; x_wconf 90' lang='lat' dir='ltr'><strong>positum</strong></span> <span class='ocrx_word' id='word_1_137' title='bbox 814 1179 900 1205; x_wconf 85' lang='lat' dir='ltr'><strong>esse</strong></span> <span class='ocrx_word' id='word_1_138' title='bbox 926 1166 1106 1206; x_wconf 88' lang='lat' dir='ltr'><strong>videatur</strong></span> <span class='ocrx_word' id='word_1_139' title='bbox 1119 1181 1130 1215; x_wconf 81' lang='lat'><em>3</em></span> <span class='ocrx_word' id='word_1_140' title='bbox 1163 1166 1219 1206; x_wconf 89' lang='lat' dir='ltr'><strong>sic</strong></span> <span class='ocrx_word' id='word_1_141' title='bbox 1245 1166 1317 1206; x_wconf 88' lang='lat' dir='ltr'><strong>tibi</strong></span> <span class='ocrx_word' id='word_1_142' title='bbox 1343 1181 1416 1207; x_wconf 91' lang='lat' dir='ltr'><strong>nos</strong></span> <span class='ocrx_word' id='word_1_143' title='bbox 1441 1168 1494 1207; x_wconf 91' lang='lat' dir='ltr'><strong>ad</strong></span> 
     </span>
    </p>
   </div>
   <div class='ocr_carea' id='block_1_6' title="bbox 0 0 81 2620">
    <p class='ocr_par' dir='ltr' id='par_1_6' title="bbox 0 0 81 2620">
     <span class='ocr_line' id='line_1_17' title="bbox 0 0 81 2620; baseline 0 0"><span class='ocrx_word' id='word_1_144' title='bbox 0 0 81 2620; x_wconf 95' lang='lat' dir='ltr'><strong> </strong></span> 
     </span>
    </p>
   </div>
   <div class='ocr_carea' id='block_1_7' title="bbox 144 1229 1494 1335">
    <p class='ocr_par' dir='ltr' id='par_1_7' title="bbox 144 1229 1494 1335">
     <span class='ocr_line' id='line_1_18' title="bbox 160 1229 1494 1283; baseline 0.003 -15"><span class='ocrx_word' id='word_1_145' title='bbox 160 1229 201 1269; x_wconf 93' lang='lat' dir='ltr'><strong>id</strong></span> <span class='ocrx_word' id='word_1_146' title='bbox 217 1231 327 1281; x_wconf 91' lang='lat' dir='ltr'><strong>quod</strong></span> <span class='ocrx_word' id='word_1_147' title='bbox 347 1230 459 1281; x_wconf 87' lang='lat' dir='ltr'><strong>quasi</strong></span> <span class='ocrx_word' id='word_1_148' title='bbox 479 1230 680 1281; x_wconf 90' lang='lat' dir='ltr'><strong>mancipio</strong></span> <span class='ocrx_word' id='word_1_149' title='bbox 700 1232 793 1270; x_wconf 87' lang='lat' dir='ltr'><strong>dare</strong></span> <span class='ocrx_word' id='word_1_150' title='bbox 813 1231 1025 1270; x_wconf 90' lang='lat' dir='ltr'><strong>debuimus</strong></span> <span class='ocrx_word' id='word_1_151' title='bbox 1045 1238 1278 1271; x_wconf 87' lang='lat' dir='ltr'><strong>ornamenta</strong></span> <span class='ocrx_word' id='word_1_152' title='bbox 1297 1233 1494 1283; x_wconf 90' lang='lat' dir='ltr'><strong>quaedam</strong></span> 
     </span>
     <span class='ocr_line' id='line_1_19' title="bbox 144 1294 834 1335; baseline 0.004 -3"><span class='ocrx_word' id='word_1_153' title='bbox 144 1294 358 1334; x_wconf 72' lang='lat' dir='ltr'><strong>,voluimus</strong></span> <span class='ocrx_word' id='word_1_154' title='bbox 377 1309 459 1334; x_wconf 92' lang='lat' dir='ltr'><strong>non</strong></span> <span class='ocrx_word' id='word_1_155' title='bbox 479 1295 614 1335; x_wconf 88' lang='lat' dir='ltr'><strong>debita</strong></span> <span class='ocrx_word' id='word_1_156' title='bbox 633 1297 834 1335; x_wconf 91' lang='lat' dir='ltr'><strong>accedere.</strong></span> 
     </span>
    </p>
   </div>
   <div class='ocr_carea' id='block_1_8' title="bbox 199 1397 1470 1441">
    <p class='ocr_par' dir='ltr' id='par_1_8' title="bbox 199 1397 1470 1441">
     <span class='ocr_line' id='line_1_20' title="bbox 199 1397 1470 1441; baseline 0.003 -13"><span class='ocrx_word' id='word_1_157' title='bbox 199 1406 215 1428; x_wconf 91' lang='lat'>1</span> <span class='ocrx_word' id='word_1_158' title='bbox 240 1401 275 1429; x_wconf 84' lang='lat' dir='ltr'><strong>et</strong></span> <span class='ocrx_word' id='word_1_159' title='bbox 289 1407 356 1429; x_wconf 82' lang='lat' dir='ltr'><strong>om.</strong></span> <span class='ocrx_word' id='word_1_160' title='bbox 374 1397 446 1429; x_wconf 89' lang='lat' dir='ltr'><strong>AO</strong></span> <span class='ocrx_word' id='word_1_161' title='bbox 533 1407 553 1438; x_wconf 87' lang='lat'>5</span> <span class='ocrx_word' id='word_1_162' title='bbox 577 1402 612 1430; x_wconf 89' lang='lat' dir='ltr'><strong>et</strong></span> <span class='ocrx_word' id='word_1_163' title='bbox 629 1398 804 1430; x_wconf 87' lang='lat' dir='ltr'><strong>iracundia</strong></span> <span class='ocrx_word' id='word_1_164' title='bbox 819 1399 887 1431; x_wconf 85' lang='lat' dir='ltr'><strong>secl.</strong></span> <span class='ocrx_word' id='word_1_165' title='bbox 906 1399 1068 1431; x_wconf 77' lang='lat' dir='ltr'><strong>Fn&#39;edn&#39;ch</strong></span> <span class='ocrx_word' id='word_1_166' title='bbox 1202 1411 1220 1441; x_wconf 96' lang='lat'><strong>7</strong></span> <span class='ocrx_word' id='word_1_167' title='bbox 1245 1400 1280 1431; x_wconf 87' lang='lat' dir='ltr'><strong>in</strong></span> <span class='ocrx_word' id='word_1_168' title='bbox 1297 1411 1364 1434; x_wconf 91' lang='lat' dir='ltr'><strong>om.</strong></span> <span class='ocrx_word' id='word_1_169' title='bbox 1380 1400 1470 1432; x_wconf 88' lang='lat' dir='ltr'><strong>codd.</strong></span> 
     </span>
    </p>
   </div>
  </div>
 </body>
</html>
