1696 2730
150 154 213 195 94
237 164 298 197 323
610 152 667 190 M.
699 152 870 190 TVLLI
901 151 1211 192 CICERONrs
1670 0 1696 249 i

234 264 408 305 ctissime
427 265 569 305 versati
589 279 740 315 sumus,
759 267 1069 317 consulatusque
1088 279 1212 314 meus,
1227 264 1296 316 qui
1314 264 1426 303 illum
1445 263 1574 316 primo
1687 251 1696 295 ⁴}

234 331 372 371 leviter
403 331 689 382 perstrinxerat,
722 331 830 371 idem
868 345 942 371 nos
979 345 1109 371 rerum
1147 345 1326 371 mearum
1363 337 1572 382 gestarum,

151 408 217 440 324
236 409 334 447 quas
372 396 437 436 ille
473 397 753 445 admirabatur,
785 397 903 436 laude
941 396 1208 436 coniunxerat.
1268 395 1445 435 Maxime
1481 409 1575 435 vero

235 470 441 513 perspecta
479 470 539 502 est
580 462 784 513 utriusque
825 454 1005 502 nostrum
1048 462 1275 503 exercitatio
1321 463 1442 513 paulo
1482 468 1575 501 ante

234 541 355 578 quam
384 528 632 579 perterritum
661 527 778 567 armis
807 529 886 568 hoc
912 527 1100 576 studium,
1126 530 1259 576 Brute,
1280 534 1459 567 nostrum
1483 540 1576 567 con·
1594 536 1612 569 5

235 592 347 632 ticuit
376 593 508 633 subito
538 601 577 633 et
606 593 834 633 obmutuit:
869 607 961 633 eum
990 595 1077 645 lege
1097 592 1290 644 Pompeia
1318 592 1438 632 ternis
1467 591 1574 632 horis

234 659 285 698 ad
306 658 522 699 dicendum
547 659 648 699 datis
675 660 727 698 ad
750 673 888 698 causas
913 659 1131 698 simillimas
1157 658 1259 698 inter
1285 672 1327 698 se
1354 659 1418 697 vel
1442 657 1575 709 potius

234 725 394 764 easdem
427 725 520 764 novi
554 725 812 765 veniebamus
842 725 1000 765 cotidie.
1060 725 1219 775 Quibus
1248 723 1412 775 quidem
1446 722 1575 763 causis

234 798 276 829 tu
297 790 430 840 etiam,
451 793 582 838 Brute,
605 799 763 842 praesto
789 790 897 830 fuisti
923 790 1219 842 complurisque
1243 797 1282 829 et
1305 789 1516 829 nobiscum
1536 795 1576 828 et

234 857 342 896 solus
369 856 492 908 egisti,
517 864 561 896 ut
587 856 656 907 qui
682 870 764 895 non
792 856 885 896 satis
912 856 980 896 diu
1007 855 1144 896 vixerit
1171 854 1413 895 Hortensius
1441 862 1575 894 tamen
1597 861 1637 884 10
1692 887 1696 901 ,.

234 923 342 961 hunc
366 936 525 961 cursum
549 922 787 962 confecerit:
825 921 940 961 annis
969 929 1062 961 ante
1091 921 1266 961 sedecim
1295 934 1434 960 causas
1462 933 1577 971 agere
1694 912 1696 914 ¹

234 987 366 1038 coepit
403 1001 524 1038 quam
563 995 605 1026 tu
644 1001 685 1027 es
724 994 867 1036 natus,
913 987 1021 1026 idern
1056 994 1196 1038 quarto
1232 991 1271 1024 et
1304 985 1576 1038 sexagensimo

233 1066 352 1100 anno,
380 1053 588 1104 perpaucis
617 1060 710 1092 ante
738 1060 908 1092 mortem
937 1052 1090 1100 diebus,
1122 1066 1202 1092 una
1231 1059 1365 1092 tecum
1394 1065 1575 1091 socerum

233 1126 346 1157 tuum
371 1118 551 1158 defendit
570 1119 759 1170 Appium.
820 1119 994 1159 Dicendi
1016 1126 1150 1159 autem
1176 1132 1301 1170 genus
1325 1120 1435 1169 quod
1461 1117 1576 1158 fuerit

232 1183 273 1222 in
302 1192 482 1236 utroque,
510 1184 708 1225 orationes
737 1185 943 1236 utriusque
971 1185 1091 1225 etiam
1118 1184 1285 1236 posteris
1309 1183 1452 1224 nostris
1476 1183 1576 1223 indi·
1599 1188 1635 1220 ι5
1691 1182 1696 1204 ³

233 1250 392 1289 cabunt.

1684 1205 1696 1251 ἓ

288 1317 366 1355 Sed
392 1315 423 1355 si
444 1315 670 1367 quaerimus
697 1330 766 1356 cur
791 1317 1027 1356 adulescens
1056 1316 1180 1368 magis
1207 1315 1381 1356 floruerit
1399 1314 1574 1355 dicendo
1679 1253 1696 1380 Ξ

1683 1381 1696 1411 ἑ

1682 1501 1696 1550 {g

1691 1054 1696 1070 ἱ

171 1349 209 1371 2-

148 1349 166 1379 3
194 1361 211 1382 ³
233 1393 354 1431 quam
399 1381 530 1420 senior
579 1381 834 1430 Hortensius,
882 1395 1021 1421 causas
1067 1381 1307 1432 reperiemus
1354 1380 1575 1420 verissimas

233 1447 344 1485 duas.
390 1446 574 1495 Primam,
598 1448 707 1498 quod
737 1460 862 1498 genus
891 1454 973 1487 erat
993 1446 1181 1487 orationis
1201 1446 1423 1486 Asiaticum
1442 1447 1577 1486 adule-
1686 1499 1688 1503 ὗ

234 1511 408 1551 scentiae
436 1512 561 1563 magis
591 1526 827 1552 concessum
851 1526 971 1564 quam
999 1512 1205 1552 senectuti.
1265 1513 1421 1552 Genera
1441 1519 1574 1551 autem
1595 1518 1637 1542 20
1684 1507 1686 1509 ’

233 1576 433 1616 Asiaticae
453 1577 639 1617 dictionis
668 1579 751 1618 duo
780 1585 896 1618 sunt:
934 1592 1061 1617 unum
1091 1577 1379 1618 sententiosum
1403 1584 1443 1617 et
1468 1590 1577 1628 argu-

232 1650 328 1689 tum,
352 1642 558 1682 sententiis
579 1657 661 1682 non
681 1651 763 1682 tam
786 1643 970 1694 gravibus
997 1651 1037 1683 et
1063 1643 1207 1684 severis
1228 1657 1349 1695 quam
1369 1642 1577 1683 concinnis

232 1715 270 1747 et
299 1707 485 1756 venustis,
513 1708 640 1759 qualis
674 1708 716 1747 in
745 1708 909 1749 historia
937 1708 1139 1758 Timaeus,
1170 1709 1212 1748 in
1241 1708 1415 1749 dicendo
1443 1715 1578 1748 autem

231 1773 362 1823 pueris
392 1773 509 1813 nobis
538 1773 749 1814 Hierocles
775 1775 1049 1824 Alabandeus,
1072 1774 1196 1826 magis
1225 1774 1345 1814 etiam
1372 1775 1578 1814 Menecles

232 1839 348 1877 frater
375 1838 459 1878 eius
489 1838 574 1887 fuit,
600 1853 770 1890 quorum
801 1839 1006 1891 utriusque
1035 1839 1234 1879 orationes
1261 1846 1353 1878 sunt
1377 1838 1419 1878 in
1442 1838 1578 1889 primis
1598 1848 1637 1881 25

231 1911 275 1942 ut
304 1903 483 1943 Asiatico
512 1904 553 1943 in
582 1918 726 1955 genere
755 1905 987 1945 laudabiles.
1046 1905 1169 1944 Aliud
1198 1912 1330 1944 autem
1360 1917 1485 1956 genus
1519 1911 1579 1944 est

231 1982 313 2008 non
337 1976 418 2008 tam
443 1970 649 2010 sententiis
670 1972 964 2022 frequentatum
986 1985 1106 2022 quam
1129 1970 1259 2010 verbis
1278 1971 1438 2010 volucre
1457 1977 1578 2021 atque

231 2034 450 2083 incitatum,
487 2037 604 2086 quale
642 2043 701 2075 est
732 2050 841 2075 nune
871 2036 968 2076 Asia
1005 2044 1099 2085 tota,
1132 2049 1207 2076 nec
1245 2035 1410 2075 flumine
1447 2037 1576 2075 solum

232 2099 431 2148 orationis,
455 2101 526 2140 sed
550 2100 668 2140 etiam
695 2109 885 2142 exornato
911 2109 951 2142 et
979 2103 1108 2141 faceto
1127 2115 1270 2153 genere
1290 2102 1512 2151 verborum,
1534 2101 1576 2141 in
1694 2141 1696 2151 ,

230 2178 311 2216 quo
350 2165 423 2204 fuit
460 2167 683 2217 Aeschylus
723 2167 892 2208 Cnidius
937 2174 976 2207 et
1021 2180 1134 2207 meus
1177 2166 1354 2218 aequalis
1393 2167 1574 2207 Milesius
1593 2179 1636 2212 30
1694 2171 1696 2196 ³

272 2277 293 2306 3
318 2267 546 2299 coniunxerat
563 2266 612 2298 L:
650 2268 830 2299 coniunxit
853 2268 981 2310 Stangl
1133 2279 1170 2300 11
1195 2269 1345 2302 sedecim
1368 2268 1574 2310 Nipperdey:

230 2312 349 2342 decem
368 2311 397 2341 L
533 2321 573 2342 12
596 2316 630 2343 et
653 2311 729 2343 add.
748 2312 838 2353 vulg.
976 2322 1016 2353 19
1039 2312 1182 2353 primam
1197 2311 1348 2344 Ernesti:
1373 2314 1520 2353 primum
1543 2313 1574 2345 L
1624 2337 1632 2342 .

229 2364 271 2385 22
296 2359 330 2385 et
353 2355 483 2386 severis
508 2365 607 2395 quam
631 2356 741 2396 vulg.:
774 2356 842 2387 etsi
866 2356 959 2388 veris
983 2367 1157 2396 nunquam
1181 2354 1211 2386 L
1344 2357 1387 2387 26
1409 2356 1500 2388 aliud
1522 2357 1573 2390 L:

227 2399 371 2429 alterum
388 2398 427 2429 E.
448 2398 487 2430 F.
507 2398 682 2429 Eberhard
811 2400 854 2430 28
877 2400 977 2440 quale
999 2399 1132 2431 BHM:
1166 2399 1256 2439 quali
1279 2398 1308 2431 C
1318 2411 1327 2431 t
1348 2400 1458 2440 qualis
1481 2399 1571 2433 codd.

226 2442 301 2474 dett.
399 2452 441 2481 29
466 2442 576 2474 faceto
593 2441 646 2473 L:
670 2442 759 2473 sacto
776 2442 943 2475 Ruhnken
1053 2454 1098 2484 3ο
1121 2443 1185 2475 suit
1199 2442 1252 2475 L:
1276 2444 1389 2476 ssoruit
1404 2444 1580 2476 Eberhard
