1696 2730
422 149 805 188 PARTITIONES
843 148 1181 188 ORATORIAE
1202 143 1211 151 ”
1425 156 1469 196 15
1488 161 1527 195 53

136 263 269 302 nenda
297 267 399 309 sunt,
421 274 524 312 quae
550 259 630 299 vim
654 260 827 299 habeant
854 258 1088 299 inlustrandi
1115 273 1189 299 nec
1217 259 1269 298 ab
1291 273 1365 298 usu
1392 257 1470 297 sint

136 326 397 375 abhorrentia,
410 325 541 377 gravia
558 327 677 377 plena
690 324 885 374 sonantia,
903 324 1038 364 iuncta
1056 326 1159 364 facta
1177 323 1468 375 cognominata,

124 384 219 432 'non
231 391 403 443 vulgaria
421 392 618 441 supralata
631 390 671 429 in
687 390 902 441 primisque
918 392 1114 430 translata.
1158 391 1274 429 Haec
1288 389 1328 427 in
1344 388 1473 439 singu-

138 457 185 497 lis
210 457 338 496 verbis
352 471 362 505 3
391 458 461 496 sed
489 456 530 495 in
558 455 855 495 continentibus
883 457 1025 504 soluta,
1044 469 1147 506 quae
1175 455 1360 494 dicuntur
1388 453 1472 493 sine

103 533 121 566 5
138 519 430 567 coniunctione,
469 527 514 559 ut
550 521 662 570 plura
697 518 914 558 videantur.
989 520 1149 569 Augent
1190 518 1308 557 etiam
1353 518 1474 556 relata
1494 525 1535 556 54

140 587 259 626 verba
286 585 423 624 iterata
451 584 653 635 duplicata
680 591 719 623 et
747 598 794 623 ea
817 598 919 634 quae
946 585 1169 623 ascendunt
1196 582 1388 634 gradatim
1422 581 1481 620 ab·

140 649 415 690 humilioribus
444 647 606 703 [verbis]
635 650 686 688 ad
715 648 926 699 superiora,
953 648 1199 699 omninoque
1232 661 1388 698 semper
1417 655 1476 686 est

141 715 254 768 quasi
273 715 459 754 naturalis
479 722 518 754 et
537 728 619 753 non
638 716 846 765 explanata
873 714 1010 762 oratio,
1031 715 1102 753 sed
1126 713 1308 764 gravibus
1337 714 1477 752 referta

142 781 282 829 verbis,
298 783 350 820 ad
368 781 594 832 augendum
614 779 963 819 accommodatior.
1006 781 1121 818 Haec
1141 779 1256 830 igitur
1275 778 1316 817 in
1335 777 1474 826 verbis,

87 859 126 882 10
144 846 288 898 quibus
307 845 411 885 actio
432 843 556 899 [vocis
582 852 620 884 et
647 843 797 898 gestus]
823 858 1044 895 congruens
1068 852 1106 884 et
1131 852 1224 896 apta
1248 845 1300 883 ad
1323 843 1478 883 animos

143 912 434 963 permovendos
466 911 769 950 accommodata
805 917 875 949 est.
933 911 1012 949 Sed
1050 916 1089 949 et
1125 909 1166 948 in
1196 909 1324 949 verbis
1363 916 1402 948 et
1438 908 1480 946 in

143 976 300 1016 actione
330 989 448 1015 causa
478 975 550 1015 erit
579 977 838 1027 ponderanda
867 983 906 1014 et
934 989 1006 1026 pro
1034 989 1076 1014 re
1104 976 1315 1026 agendum.
1374 976 1480 1013 Nam

146 1043 244 1081 haec
275 1041 368 1092 quia
396 1040 579 1080 videntur
611 1041 862 1092 perabsurda,
895 1054 987 1079 cum
1024 1040 1200 1091 graviora
1232 1047 1324 1079 sunt
1361 1052 1479 1090 quam

146 1120 265 1146 causa
283 1108 367 1153 fert,
388 1106 596 1157 diligenter
614 1106 711 1156 quid
731 1119 931 1156 quamque
960 1107 1100 1145 deceat
1127 1105 1386 1145 iudicandum
1410 1112 1480 1143 est.

91 1185 128 1218 15
148 1171 297 1209 Rerum
317 1177 450 1208 autem
469 1168 724 1219 amplificatio
744 1168 910 1207 sumitur
929 1168 1079 1208 eisdem
1100 1182 1147 1208 ex
1166 1167 1263 1207 locis
1283 1167 1480 1214 omnibus,
1502 1145 1550 1182 ¹6

148 1249 170 1276 e
190 1235 334 1287 quibus
358 1234 423 1273 illa
449 1247 551 1285 quae
571 1233 677 1273 dicta
702 1241 794 1272 sunt
818 1235 870 1272 ad
897 1235 1044 1273 fidem:
1075 1233 1325 1284 maximeque
1354 1234 1485 1272 valent
1503 1213 1544 1247 ⁵⁵

148 1308 187 1340 et
217 1299 469 1340 definitiones
497 1299 759 1350 conglobatae
792 1306 831 1337 et
862 1298 1191 1350 consequentium
1222 1297 1485 1349 frequentatio

149 1373 188 1406 et
224 1365 505 1404 contrariarum
543 1371 582 1403 et
619 1363 869 1403 dissimilium
914 1371 952 1403 et
990 1363 1091 1403 inter
1136 1377 1178 1403 se
1225 1362 1486 1415 pugnantium

150 1444 278 1470 rerum
298 1429 499 1469 conflictio
519 1437 558 1469 et
581 1442 723 1468 causae
752 1442 878 1479 eaque
904 1443 1007 1479 quae
1035 1436 1126 1468 sunt
1156 1436 1240 1468 orta
1266 1430 1317 1468 de
1346 1428 1486 1475 causis,

28 1493 30 1496 ⁴
93 1510 135 1533 ιο
152 1496 400 1546 maximeque
420 1494 696 1534 similitudines
716 1502 755 1533 et
775 1496 955 1545 exempla
971 1510 982 1543 3
1009 1496 1124 1534 fictae
1144 1494 1262 1534 etiam
1282 1506 1486 1545 personae,

152 1570 262 1601 muta
284 1561 457 1611 denique
485 1562 707 1611 loquantur,
730 1559 976 1610 omninoque
1004 1574 1051 1599 ea
1075 1567 1167 1599 sunt
1195 1559 1434 1606 adhibenda,
1458 1558 1491 1597 si

152 1640 272 1666 causa
301 1626 456 1677 patitur,
488 1639 591 1676 quae
621 1626 817 1664 habentur
853 1639 1006 1675 magna,
1039 1638 1208 1676 quorum
1247 1632 1306 1664 est
1343 1625 1490 1674 duplex

152 1705 288 1743 genus.
346 1690 436 1729 Alia
455 1690 561 1729 enim
583 1698 720 1729 natura
740 1703 883 1741 magna
901 1690 1094 1738 videntur,
1115 1689 1191 1729 alia
1210 1703 1283 1728 usu
1301 1704 1311 1738 ς
1339 1697 1489 1738 natura,
1512 1698 1554 1742 56

155 1765 198 1796 ut
235 1755 427 1803 caelestia,
468 1763 511 1794 ut
548 1754 692 1803 divina,
731 1762 775 1793 ut
812 1768 859 1793 ea
896 1768 1065 1805 quorum
1107 1755 1299 1794 obscurae
1336 1768 1490 1803 causae,

97 1839 136 1873 25
155 1831 198 1862 ut
229 1822 269 1861 in
307 1821 416 1860 terris
454 1822 686 1871 mundoque
714 1819 962 1859 admirabilia
991 1833 1093 1870 quae
1130 1828 1233 1868 sunt,
1265 1834 1313 1860 ex
1349 1820 1495 1871 quibus

121 1915 126 1922 =
155 1887 439 1937 similibusque,
458 1885 490 1925 si
508 1887 702 1933 attendas,
723 1886 774 1924 ad
794 1886 1021 1936 augendum
1041 1887 1235 1937 permulta
1254 1892 1495 1936 suppetunt3

157 1966 242 2001 usu,
282 1965 383 2003 quae
430 1951 614 1990 videntur
651 1950 879 1990 hominibus
915 1958 983 1990 aut
1020 1951 1208 2001 prodesse
1245 1958 1313 1989 aut
1354 1950 1496 1990 obesse

157 2017 442 2065 vehementius,
473 2029 642 2067 quorum
676 2023 767 2054 sunt
800 2029 944 2066 genera
970 2017 1022 2055 ad
1052 2015 1377 2067 amplificandum
1411 2015 1493 2054 tria.

160 2085 264 2122 Nam
285 2090 353 2122 aut
372 2081 532 2121 caritate
553 2089 761 2120 moventur
780 2080 972 2128 homines,
995 2089 1039 2120 ut
1067 2083 1245 2129 deorum,
1267 2089 1310 2120 ut
1335 2080 1494 2132 patriae,

100 2164 142 2198 30
160 2156 203 2188 ut
240 2155 446 2199 parentum
465 2162 475 2196 ;
521 2154 588 2186 aut
625 2159 771 2194 amore,
810 2153 853 2185 ut
890 2147 1061 2194 fratrum,
1103 2153 1145 2185 ut
1189 2145 1414 2197 coniugum,
1455 2154 1498 2186 ut

161 2213 384 2261 liberorum,
407 2220 449 2252 ut
470 2211 744 2260 familiarium,
771 2219 840 2251 aut
868 2212 1086 2259 honestate,
1109 2219 1151 2250 ut
1174 2211 1361 2251 virtutum
1382 2211 1500 2250 maxi-

205 2327 224 2358 7
246 2317 359 2349 verbis
375 2317 442 2349 secl.
460 2315 606 2348 Schtitz:
629 2326 694 2347 om.
713 2314 781 2348 cod.
800 2315 818 2346 b
1055 2325 1096 2347 10
1117 2316 1210 2347 vocis
1233 2319 1268 2347 et
1291 2320 1409 2356 gestus
1427 2316 1498 2348 secl.

160 2359 313 2402 Sauppe:
337 2361 433 2392 vobis
446 2365 480 2392 et
495 2366 613 2400 gestus
625 2359 660 2390 P
789 2360 829 2389 16
853 2363 887 2390 et
897 2359 1117 2390 definitiones
1131 2359 1246 2391 valent
1260 2360 1351 2401 vulg.
1369 2371 1376 2391 :
1392 2363 1502 2390 trans-

157 2405 268 2446 posuit
284 2404 444 2436 Fn‘edrr'ch
568 2414 608 2444 19
630 2403 836 2436 conflictatio
852 2402 1087 2434 PLambinus
1103 2402 1160 2445 (cf.
1185 2406 1200 2442 ᾗ
1229 2403 1305 2445 104)
1405 2413 1445 2443 31
1465 2407 1503 2435 ut

165 2449 256 2490 <ante
271 2447 368 2490 sam.)
384 2458 451 2479 om.
467 2447 501 2479 P
