1696 2730
165 169 223 208 92
242 167 305 207 3¹8
603 160 661 198 M.
701 159 872 197 TVLLI
912 156 1223 197 CICERONIS

158 811 221 844 319

166 1057 221 1097 93

157 1271 224 1303 320

161 2058 220 2090 321

237 272 479 313 aedilitatem
518 278 668 323 peteret
707 269 959 310 Hortensius.
1018 267 1183 307 Interim
1223 281 1287 307 me
1325 274 1574 319 quaestorem

239 337 453 378 Siciliensis
482 336 636 388 excepit
663 349 803 384 annus,
826 337 946 375 Cotta
974 348 1021 373 ex
1051 335 1260 373 consulatu
1289 341 1348 373 est
1375 334 1575 385 profectus

238 404 279 442 in
301 403 481 451 Galliam,
504 402 687 454 princeps
710 409 749 440 et
769 408 850 440 erat
870 407 909 439 et
929 400 1149 439 habebatur
1169 399 1421 439 Hortensius.
1470 400 1575 440 Cum

239 477 372 508 autern
401 482 508 507 anno
536 475 627 518 post
656 481 702 507 ex
729 466 861 506 Sicilia
888 454 954 505 me
981 465 1230 516 recepissem,
1260 464 1339 504 iarn
1368 464 1576 505 videbatur

239 535 337 574 illud
357 534 397 572 in
418 548 493 582 me,
509 532 700 584 quicquid
721 539 835 580 esset,
850 545 936 571 esse
956 532 1175 583 perfectum
1195 538 1234 570 et
1253 531 1400 584 habere
1419 530 1576 571 maturi-

239 607 360 639 tatem
393 600 595 650 quandam
629 611 752 637 suam.
812 597 942 636 Nimis
971 598 1096 636 multa
1128 597 1266 636 videor
1295 598 1347 636 de
1379 611 1454 646 me,
1490 597 1575 649 ipse

239 665 492 716 praesertim3
521 665 591 703 sed
615 663 726 702 omni
751 663 844 702 huic
873 662 1046 702 sermoni
1072 662 1318 714 propositum
1346 670 1405 702 est
1430 677 1512 702 non
1532 671 1575 703 ut

239 730 442 782 ingenium
481 737 520 768 et
557 729 826 779 eloquentiam
871 742 1002 768 meam
1046 728 1270 780 perspicias,
1309 731 1418 769 unde
1458 730 1576 781 longe

238 797 392 844 absum,
421 797 491 835 sed
520 803 563 834 ut
591 795 769 834 laborem
798 802 838 834 et
865 794 1110 834 industriam.
1170 796 1275 836 Cum
1302 795 1420 847 igitur
1446 809 1575 836 essem

238 863 279 901 in
305 861 483 913 plurimis
509 861 637 900 causis
657 868 695 899 et
721 860 762 898 in
787 860 1032 911 principibus
1060 861 1236 912 patronis
1255 861 1575 913 quinquennium

238 929 320 967 fere
356 935 543 976 versatus,
584 934 669 966 tum
707 927 748 965 in
789 926 1011 978 patrocinio
1049 926 1242 966 Siciliensi
1281 926 1496 967 maximum
1533 927 1576 967 in

239 1001 439 1032 certarnen
472 992 563 1032 veni
601 991 829 1044 designatus
866 992 1005 1032 aedilis
1043 1006 1135 1032 cum
1173 992 1380 1044 designato
1412 995 1577 1033 consule

242 1058 472 1098 Hortensio.
545 1059 624 1098 Sed
662 1058 852 1109 quoniam
891 1058 1021 1097 omnis
1057 1058 1123 1097 hie
1161 1072 1291 1098 sermo
1327 1066 1462 1098 noster
1493 1072 1576 1098 non

241 1126 370 1164 solum
410 1123 751 1163 enumerationem
787 1131 987 1164 oratorum
1023 1138 1160 1163 verum
1199 1124 1316 1163 etiam
1365 1131 1575 1176 praecepta

241 1192 439 1241 quaedam
468 1189 677 1238 desiderat,
707 1189 805 1240 quid
835 1197 1040 1241 tamquam
1073 1191 1296 1229 notandum
1329 1197 1368 1229 et
1400 1190 1577 1230 animad-

241 1257 475 1295 vertendum
506 1256 555 1295 sit
579 1255 621 1294 in
646 1254 866 1295 Hortensio
893 1255 1062 1295 breviter
1089 1255 1180 1294 licet
1209 1254 1350 1295 dicere.
1409 1257 1515 1295 Nam
1543 1255 1576 1295 is

240 1329 331 1372 post
351 1323 780 1361 consulatum—credo
799 1323 909 1372 quod
928 1322 1078 1361 videret
1098 1335 1145 1360 ex
1164 1321 1437 1361 consularibus
1456 1320 1578 1360 nemi-

241 1401 334 1426 nem
364 1401 450 1427 esse
479 1401 615 1427 secum
644 1389 969 1439 comparandum,
1001 1388 1224 1438 neglegeret
1251 1395 1385 1427 autem
1416 1400 1485 1427 eos
1508 1386 1576 1438 qui

241 1455 425 1492 consules
456 1467 537 1492 non
568 1453 991 1493 fuissent—summum
1022 1452 1120 1492 illud
1158 1466 1274 1492 suum
1312 1453 1488 1492 studium
1521 1466 1578 1492 re-

242 1518 348 1557 misit
368 1532 449 1569 quo
472 1533 496 1558 a
524 1532 648 1570 puero
667 1520 792 1558 fuerat
811 1518 1009 1566 incensus,
1029 1526 1149 1569 atque
1175 1518 1215 1557 in
1242 1518 1421 1558 omnium
1446 1531 1576 1557 rerum

241 1584 488 1624 abundantia
513 1585 638 1624 voluit
666 1585 834 1634 beatius,
854 1592 898 1624 ut
924 1584 1010 1636 ipse
1038 1585 1218 1635 putabat,
1242 1584 1443 1624 remissius
1471 1591 1576 1624 certe

241 1650 382 1690 vivere.
442 1650 596 1689 Primus
620 1658 659 1690 et
685 1652 884 1690 secundus
914 1664 1041 1689 annus
1066 1658 1104 1690 et
1128 1650 1264 1689 tertius
1290 1657 1445 1689 tantum
1464 1649 1578 1701 quasi

242 1717 293 1755 de
321 1716 497 1766 picturae
526 1716 667 1755 veteris
695 1718 827 1756 colore
856 1717 1086 1764 detraxerat,
1116 1723 1310 1767 quantum
1338 1729 1420 1755 non
1450 1714 1577 1767 quivis

242 1795 345 1820 unus
365 1796 412 1821 ex
432 1783 592 1833 populo,
615 1783 686 1822 sed
705 1782 947 1822 existimator
965 1783 1108 1821 doctus
1134 1789 1173 1822 et
1192 1782 1424 1833 intellegens
1443 1788 1578 1832 posset

242 1860 492 1897 cognoscere.
551 1848 727 1898 Longius
758 1855 893 1887 autern
922 1849 1143 1899 procedens
1181 1855 1223 1887 ut
1256 1847 1297 1886 in
1329 1847 1468 1887 ceteris
1500 1847 1578 1887 elo-

243 1912 428 1962 quentiae
458 1913 647 1963 partibus,
680 1921 764 1953 tum
796 1913 966 1953 maxime
996 1913 1037 1952 in
1070 1913 1268 1953 celeritate
1306 1921 1345 1953 et
1374 1913 1578 1953 continua—

242 1977 350 2017 tione
375 1978 586 2018 verborum
611 1980 912 2027 adhaerescens,
933 1979 993 2018 sui
1018 1979 1246 2019 dissimilior
1264 1979 1472 2019 videbatur
1494 1978 1578 2020 fieri

242 2043 416 2083 cottidie.
475 2045 561 2084 Nos
589 2052 723 2084 autem
753 2059 834 2084 non
863 2044 1153 2085 desistebamus
1181 2059 1274 2084 cum
1303 2045 1414 2085 omni
1434 2059 1578 2097 genere

243 2109 532 2149 exercitationis
570 2117 654 2149 tum
689 2110 859 2150 maxime
893 2110 983 2150 stilo
1013 2118 1192 2150 nostrum
1225 2110 1324 2151 illud
1353 2113 1463 2162 quod
1496 2120 1578 2152 erat

290 2224 325 2245 11
352 2214 534 2245 maximum
551 2214 654 2246 Rau:
676 2215 823 2246 maxime
839 2213 870 2245 L
978 2224 1016 2254 14
1038 2220 1212 2247 oratorum
1229 2215 1441 2247 Lambinus:
1464 2221 1577 2249 orato-

243 2258 327 2288 riam
359 2257 388 2287 L
541 2268 580 2298 17
606 2259 740 2290 videret
774 2258 841 2290 6²:
868 2259 994 2290 viderit
1019 2257 1047 2288 L
1181 2269 1223 2298 24
1249 2259 1462 2291 existimator
1485 2260 1574 2293 codd.

245 2301 305 2332 det.
325 2313 332 2332 :
362 2306 572 2333 aestumator
585 2301 814 2333 F1B²M²G⁵z
839 2306 1053 2333 exstumator
1069 2302 1097 2334 C
1215 2312 1256 2342 25
1283 2313 1492 2342 cognoscere
1506 2304 1541 2335 F
1542 2303 1576 2336 ³:

244 2355 433 2383 agnoscere
453 2344 575 2377 Orelli:
601 2346 658 2377 vix
683 2356 872 2386 agnoscere
895 2345 1033 2378 Martha
1050 2357 1058 2377 :
1081 2356 1240 2386 magnum
1258 2346 1370 2379 sc'elus
1386 2346 1415 2378 L
1433 2359 1441 2379 :
1463 2352 1500 2379 ut
1516 2347 1576 2379 M:

244 2398 319 2419 cum
337 2387 528 2420 Lambinus

1594 544 1611 576 5

1595 872 1636 895 10

1595 1523 1665 1556 20'

1596 1203 1634 1237 15

1650 2545 1681 2730 l
