1696 2730
699 141 938 182 ORATOR
1445 148 1491 186 31
1512 153 1574 178 110

157 247 297 300 Lysiae
322 246 537 287 subtilitate
563 244 679 292 cedit,
701 243 800 283 nihil
825 242 984 294 argutiis
1011 250 1050 282 et
1075 242 1260 282 acumine
1282 241 1491 292 Hyperidi,

157 314 212 353 nil
238 312 396 352 levitate
415 309 606 350 Aeschini
633 317 672 349 et
701 309 911 360 splendore
936 308 1157 347 verborum.
1218 308 1371 346 Multae
1400 314 1492 345 sunt
1513 321 1573 344 111

156 378 240 419 eius
268 385 375 417 totae
403 375 600 416 orationes
630 374 808 422 subtiles,
832 380 875 411 ut
903 380 1040 412 contra
1070 371 1280 423 Leptinem
1294 386 1304 420 ;
1344 372 1491 410 multae

156 451 262 483 totae
294 455 445 494 graves,
476 448 519 480 ut
552 440 749 490 quaedam
784 437 1029 489 Philippicae
1044 452 1055 486 3
1099 439 1246 476 multae
1275 436 1415 484 variae,
1448 443 1492 474 ut

118 529 137 560 5
155 515 293 548 contra
318 506 559 546 Aeschinem
588 505 708 543 falsae
735 502 953 554 legationis,
982 509 1026 541 ut
1054 509 1192 542 contra
1217 502 1391 541 eundem
1420 514 1492 552 pro

156 586 274 612 causa
294 570 577 622 Ctesiphontis.
629 571 716 608 Iam
737 568 835 607 illud
856 567 1032 607 medium
1054 566 1238 617 quotiens
1258 568 1340 605 vult
1359 565 1494 616 arripit

156 645 195 678 et
221 645 245 677 a
276 636 506 688 gravissimo
534 634 747 674 discedens
781 646 830 672 eo
861 632 1109 684 potissimum
1141 631 1349 671 delabitur.
1408 632 1495 671 Cla-

157 716 285 742 mores
323 710 456 741 tamen
495 708 580 739 tum
619 706 752 738 movet
790 705 830 737 et
867 706 950 736 tum
989 696 1031 736 in
1069 697 1243 736 dicendo
1280 695 1495 748 plurimum

156 768 285 815 efficit,
316 781 407 807 cum
436 764 634 817 gravitatis
664 763 761 803 locis
795 762 927 802 utitur.
986 763 1065 802 Sed
1095 763 1146 802 ab
1177 763 1255 801 hoc
1285 775 1496 812 parumper
1516 775 1574 800 112

102 850 141 873 10
156 834 357 878 abeamus,
376 832 539 883 quando
559 829 722 880 quidem
743 829 795 868 de
813 841 966 879 genere,
990 841 1072 866 non
1092 828 1143 866 de
1163 826 1326 866 homine
1347 826 1497 877 quaeri-

159 911 272 937 mus:
310 897 365 936 rei
393 895 536 947 potius,
562 894 604 934 id
633 901 693 933 est
721 892 973 943 eloquentiae
996 892 1076 930 vim
1106 898 1146 931 et
1173 899 1354 930 naturam
1379 890 1497 941 expli-

157 975 304 1003 cemus.
355 961 461 1000 Illud
481 967 614 998 tamen
638 959 748 1009 quod
768 958 846 996 iam
869 964 962 996 ante
988 956 1158 996 diximus
1185 955 1493 1003 meminerimus,

157 1027 255 1068 nihil
278 1040 351 1066 nos
378 1024 647 1077 praecipiendi
675 1037 795 1063 causa
823 1036 909 1062 esse
937 1021 1112 1062 dicturos
1138 1028 1258 1072 atque
1283 1020 1338 1060 ita
1362 1020 1495 1071 potius

156 1100 312 1132 acturos
338 1099 382 1130 ut
407 1090 692 1130 existimatores
718 1088 923 1127 videamur
947 1086 1068 1137 loqui,
1091 1099 1173 1125 non
1203 1085 1385 1136 magistri.
1446 1086 1496 1124 In

103 1173 140 1206 ¹5
158 1171 239 1209 quo
267 1165 401 1196 tamen
429 1154 584 1206 longius
614 1167 732 1204 saepe
760 1151 1042 1204 progredimur,
1066 1152 1177 1202 quod
1202 1150 1384 1190 videmus
1413 1163 1496 1188 non

158 1230 197 1262 te
212 1224 310 1262 haec
322 1223 450 1260 solum
467 1233 553 1259 esse
567 1221 771 1266 lecturum,
788 1217 856 1268 qui
869 1230 915 1256 ea
928 1218 1053 1256 multo
1069 1229 1189 1266 quam
1205 1229 1279 1254 nos
1299 1215 1367 1266 qui
1383 1214 1496 1265 quasi

158 1289 303 1327 docere
325 1286 505 1325 videmur
533 1284 680 1323 habeas
709 1283 874 1330 notiora,
905 1282 977 1321 sed
1006 1282 1113 1320 hunc
1141 1280 1285 1320 librum
1315 1279 1435 1320 etiam
1464 1279 1496 1319 si

160 1353 290 1392 minus
316 1358 450 1390 nostra
477 1348 838 1396 commendatione,
861 1355 930 1386 tuo
959 1354 1094 1386 tamen
1120 1345 1283 1385 nomine
1306 1345 1498 1396 divulgari

10 1461 20 1465 ,,
161 1431 323 1458 necesse
343 1424 412 1456 est.

104 1496 145 1518 20
217 1485 315 1522 Esse
352 1481 468 1533 igitur
505 1481 677 1531 perfecte
715 1478 938 1529 eloquentis
975 1484 1074 1528 puto
1107 1490 1189 1516 non
1223 1489 1312 1515 eam
1342 1482 1497 1514 tantum

90 1539 95 1545 ⁴
161 1549 387 1587 facultatem
418 1546 564 1584 habere
596 1557 698 1595 quae
729 1543 778 1582 sit
815 1543 899 1582 eius
937 1542 1106 1594 propria,
1137 1543 1223 1580 fuse
1255 1542 1413 1591 lateque
1443 1540 1500 1579 di-

161 1612 290 1660 cendi,
321 1612 392 1650 sed
421 1610 539 1650 etiam
568 1609 739 1648 vicinam
771 1608 854 1648 eius
884 1622 932 1647 ac
962 1607 1171 1646 finitimam
1201 1605 1499 1645 dialecticorum

163 1677 367 1718 seientiam
394 1677 612 1715 adsumere.
672 1676 927 1724 Quamquam
947 1672 1055 1711 aliud
1078 1672 1233 1710 videtur
1259 1670 1384 1710 oratio
1412 1683 1499 1709 esse

162 1743 270 1782 aliud
291 1740 517 1792 disputatio,
538 1753 614 1778 nec
633 1738 740 1778 idem
763 1738 873 1789 loqui
899 1751 985 1777 esse
1005 1738 1114 1788 quod
1134 1736 1276 1783 dicere,
1297 1748 1344 1774 ac
1364 1742 1498 1773 tamen

106 1818 145 1851 25
164 1815 375 1857 utrumque
404 1806 445 1844 in
478 1805 709 1844 disserendo
740 1811 821 1843 est:
856 1802 1086 1853 disputandi
1114 1801 1212 1840 ratio
1242 1808 1280 1840 et
1308 1799 1500 1850 loquendi

164 1871 461 1912 dialecticorum
481 1869 541 1917 sit,
556 1877 755 1908 oratorum
775 1876 908 1907 autem
928 1867 1089 1907 dicendi
1109 1874 1148 1906 et
1167 1865 1346 1905 ornandi.
1390 1866 1500 1904 Zeno

163 1937 326 1989 quidem
356 1937 431 1983 ille,
456 1949 480 1974 a
509 1948 589 1986 quo
616 1933 824 1985 disciplina
843 1932 1067 1972 Stoicorum
1093 1939 1163 1980 est,
1192 1944 1313 1969 manu
1337 1931 1502 1968 demon-

163 2010 282 2042 strare
316 2001 468 2040 solebat
501 1999 598 2050 quid
632 1998 733 2037 inter
769 1999 840 2037 has
877 1997 969 2036 artis
1007 1997 1237 2044 interesset3
1279 2008 1372 2034 nam
1406 2008 1499 2034 cum

1516 1451 1567 1490 32

1521 1511 1579 1542 [13

212 2115 226 2136 1
251 2104 429 2137 subtilitati
442 2101 526 2134 ΑΡ2
618 2101 765 2133 acumini
783 2099 877 2132 FPO
980 2099 1173 2140 Hyperidis
1191 2098 1271 2130 FP:
1299 2095 1500 2137 Hypericlis

168 2148 199 2180 O
330 2158 351 2188 3
374 2152 408 2179 et
433 2150 525 2178 totae
541 2145 571 2177 L
713 2155 732 2185 5
757 2154 819 2184 pro
842 2154 880 2175 se
904 2142 938 2174 in
959 2143 1082 2174 maluit
1091 2143 1188 2182 Jahn
1329 2151 1347 2180 7
1373 2140 1501 2180 gravis-

165 2192 260 2224 simis
275 2191 309 2222 A
400 2190 584 2222 discedens
598 2187 666 2220 AL
682 2200 690 2220 :
713 2188 927 2219 descendens
943 2185 1069 2217 Schatz
1194 2196 1216 2226 9
1239 2184 1396 2224 gravitati
1411 2183 1501 2224 aptis

167 2235 289 2267 maluit
311 2233 397 2265 Reid
542 2242 582 2272 13
605 2233 651 2264 ita
673 2230 763 2264 AL:
801 2231 835 2262 id
860 2230 989 2262 coniecit
1009 2229 1096 2260 Reid
1243 2238 1282 2268 15
1305 2237 1409 2268 saepe
1432 2237 1500 2259 om.

166 2277 197 2310 L
286 2277 544 2319 progrediemur
554 2276 707 2318 probavit
721 2274 848 2315 Stangl
979 2275 1019 2304 16
1041 2272 1136 2313 quasi
1153 2272 1182 2304 L
1200 2283 1208 2303 ε
1238 2282 1280 2303 ea
1295 2271 1329 2302 A
1461 2280 1500 2310 17

166 2322 321 2354 videmur
346 2321 380 2353 A
397 2332 406 2353 t
442 2320 619 2351 videamur
642 2319 673 2350 L
783 2328 826 2349 20
849 2322 979 2349 tantum
996 2316 1083 2349 oodd.
1101 2316 1175 2348 dett.
1193 2327 1200 2347 :
1224 2316 1330 2347 solum
1351 2313 1382 2344 L
1399 2326 1408 2346 ι
1432 2318 1501 2345 tam

167 2366 201 2396 A
337 2375 380 2396 22
403 2364 505 2396 etiam
522 2363 551 2394 L
566 2374 574 2395 :
599 2361 719 2395 eamA
856 2371 910 2398 22,
926 2370 968 2400 23
991 2361 1136 2392 vicinam
1154 2384 1161 2392 .
1178 2383 1187 2392 .
1207 2383 1214 2392 .
1232 2358 1407 2391 scientiam
1430 2368 1500 2390 om.

169 2409 203 2440 A
335 2409 380 2441 26
401 2408 445 2440 sit
460 2407 539 2449 AL,
557 2407 628 2438 secl.
645 2406 758 2438 Beier:
783 2409 836 2437 est
852 2404 955 2436 Orelli
