1630 2730
701 162 920 201 BRVTVS
1429 173 1476 202 10
1496 179 1536 212 39

146 277 200 315 ad
219 275 457 315 hodiernum
477 275 596 315 diem.
655 276 743 315 Nec
761 282 895 315 tamen
915 274 1057 315 dubito
1077 274 1174 326 quin
1194 275 1376 314 habuerit
1395 274 1476 314 vim

149 355 331 392 magnam
351 354 507 392 semper
525 339 660 380 oratio.
719 342 863 392 Neque
886 340 992 380 enim
1018 340 1096 379 iam
1117 340 1270 379 Troicis
1294 340 1478 391 tempori·
1494 361 1539 391 40

149 407 224 445 bus
251 414 404 445 tantum
432 406 560 445 laudis
587 405 627 444 in
654 405 827 445 dicendo
850 406 955 444 Vlixi
977 405 1181 447 tribuisset
1208 408 1412 445 Homerus
1439 413 1478 445 et

149 471 323 520 Nestori,
343 485 511 522 quorum
537 473 703 511 alterum
726 471 806 510 vim
835 472 982 511 habere
1004 471 1139 519 voluit,
1160 472 1327 510 alterum
1355 470 1479 510 suavi-

113 550 131 583 5
149 543 282 585 tatem,
313 536 389 574 nisi
416 536 494 575 iam
523 543 608 575 tum
637 544 740 576 esset
768 538 897 576 honos
927 536 1177 587 eloquentiae
1192 551 1201 585 ;
1234 549 1365 586 neque
1393 536 1478 587 ipse

149 609 268 652 poeta
293 601 358 640 hic
387 609 467 640 tam
499 600 639 655 [idem]
669 610 829 641 omatus
855 601 896 640 in
925 602 1099 641 dicendo
1127 615 1174 641 ac
1202 603 1320 652 plane
1349 609 1479 640 orator

149 666 298 705 fuisset.
375 667 498 707 Cuius
536 667 609 706 etsi
647 667 796 706 incerta
833 675 925 706 sunt
963 675 1152 718 tempora,
1193 674 1326 705 tamen
1364 666 1478 705 annis

150 732 284 771 multis
303 732 376 771 fuit
394 740 487 771 ante
508 734 726 772 Romulum
741 747 752 781 3
781 732 812 771 si
833 732 996 783 quidem
1016 746 1098 772 non
1117 732 1218 771 infra
1237 731 1477 782 superiorem

152 799 375 849 Lycurgum
419 797 502 845 fuit,
542 811 566 837 a
603 811 684 849 quo
723 805 782 837 est
820 798 1030 849 disciplina
1068 797 1478 837 Lacedaemoniorum

94 880 134 902 10
150 862 309 902 astricta
346 863 507 914 legibus.
567 865 646 903 Sed
680 863 855 903 studium
887 863 970 903 eius
1000 863 1153 915 generis
1184 862 1388 913 maiorque
1421 862 1478 901 vis
1497 876 1538 910 41

151 929 377 980 agnoscitur
407 929 447 967 in
482 929 696 968 Pisistrato.
755 929 940 980 Denique
971 930 1078 968 hunc
1109 929 1289 980 proximo
1321 929 1479 967 saeculo

152 994 443 1034 Themistocles
478 994 678 1033 insecutus
709 1002 779 1042 est,
810 1002 853 1033 ut
881 996 989 1046 apud
1022 1008 1106 1042 nos,
1138 993 1404 1045 perantiquus,
1437 1000 1481 1031 ut

151 1062 259 1111 apud
278 1060 544 1107 Atheniensis,
567 1074 648 1099 non
673 1060 727 1099 ita
752 1074 847 1099 sane
866 1067 988 1099 vetus.
1048 1060 1139 1099 Fuit
1162 1059 1269 1099 enim
1293 1066 1481 1110 regnante

151 1125 230 1164 iam
252 1125 427 1173 Graecia,
445 1133 579 1164 nostra
597 1133 730 1164 autem
750 1125 907 1165 civitate
927 1139 1008 1165 non
1028 1125 1082 1164 ita
1100 1125 1253 1176 pridem
1274 1124 1482 1164 dominatu

95 1205 134 1237 ¹5
153 1190 261 1241 regio
289 1190 462 1229 liberata.
522 1192 626 1229 Nam
652 1191 800 1230 bellum
821 1193 1058 1230 Volscorum
1079 1191 1176 1230 illud
1195 1189 1482 1242 gravissimum,

153 1255 218 1295 cui
238 1255 472 1295 Coriolanus
493 1257 601 1295 exsul
625 1256 810 1304 interfuit,
832 1258 975 1296 eodem
997 1258 1076 1295 fere
1096 1264 1273 1307 tempore
1294 1268 1374 1306 quo
1395 1257 1484 1293 Per-

153 1334 283 1360 sarum
307 1322 455 1360 bellum
482 1321 565 1369 suit,
588 1321 804 1372 similisque
830 1323 987 1361 fortuna
1012 1323 1204 1361 clarorum
1225 1321 1397 1360 virorum
1411 1334 1422 1368 3
1451 1318 1483 1358 si
1501 1334 1542 1364 4²

155 1386 317 1437 quidem
348 1394 513 1438 uterque
541 1401 633 1426 cum
667 1387 762 1426 civis
793 1388 969 1438 egregius
1000 1387 1147 1436 fuisset,
1178 1386 1316 1438 populi
1343 1384 1484 1436 ingrati

155 1454 291 1503 pulsus
314 1451 455 1491 iniuria
480 1466 523 1492 se
545 1454 597 1492 ad
624 1452 748 1492 hostis
772 1453 939 1492 contulit
965 1460 1234 1503 conatumque
1257 1450 1484 1490 iracundiae

98 1532 138 1555 20
157 1530 251 1557 suae
271 1525 397 1557 morte
417 1518 579 1557 sedavit.
637 1520 741 1557 Nam
764 1518 836 1558 etsi
859 1518 970 1558 aliter
988 1519 1096 1569 apud
1117 1525 1155 1557 te
1175 1524 1248 1566 est,
1268 1516 1411 1564 Attice,
1434 1517 1485 1555 de

157 1581 383 1630 Coriolano,
405 1584 583 1622 concede
603 1590 735 1623 tamen
756 1591 799 1622 ut
822 1583 915 1623 huic
940 1583 1072 1635 generi
1099 1583 1236 1622 mortis
1262 1581 1393 1633 potius
1419 1582 1486 1620 ad-

157 1648 313 1687 sentiar.
348 1651 402 1687 At
414 1648 479 1688 ille
492 1648 647 1688 ridens:
677 1651 767 1688 Tuo
780 1663 882 1697 vero,
898 1649 1036 1700 inquit,
1052 1649 1240 1688 arbitratu
1256 1663 1265 1696 3
1294 1646 1484 1698 quoniam
1504 1652 1541 1680 11

158 1714 321 1764 quidem
351 1727 584 1753 concessum
614 1722 674 1754 est
702 1715 924 1756 rhetoribus
953 1715 1134 1755 ementiri
1162 1714 1203 1753 in
1232 1713 1414 1760 historiis,
1443 1719 1486 1751 ut

157 1779 309 1830 aliquid
329 1779 459 1818 dicere
485 1779 638 1830 possint
657 1780 841 1831 argutius.
891 1783 946 1819 Vt
965 1780 1071 1819 enim
1092 1788 1134 1819 tu
1154 1793 1261 1818 nunc
1281 1780 1332 1818 de
1353 1778 1487 1819 Corio-

101 1847 261 1895 25lano,
292 1844 348 1884 sic
382 1845 615 1893 Clitarchus,
646 1845 702 1884 sic
735 1847 946 1885 Stratocles
979 1847 1031 1884 de
1059 1844 1330 1884 Themistocle
1363 1843 1486 1882 finxit.

160 1912 264 1950 Nam
285 1924 404 1961 quem
425 1910 694 1961 Thucydides,
716 1911 783 1961 qui
813 1919 851 1950 et
872 1910 1127 1950 Atheniensis
1155 1917 1237 1950 erat
1262 1917 1302 1949 et
1330 1922 1488 1948 summo
1506 1917 1549 1949 43

159 1977 249 2015 loco
268 1983 382 2014 natus
403 1989 662 2027 summusque
682 1976 739 2014 vir
757 1984 796 2016 et
816 1978 935 2028 paulo
957 1983 1085 2016 aetate
1108 1975 1312 2027 posterior,
1334 1982 1488 2014 tantum

159 2043 287 2081 morbo
306 2050 504 2081 mortuum
527 2041 680 2092 scripsit
703 2049 741 2081 et
761 2041 801 2080 in
821 2041 955 2081 Attica
973 2043 1075 2081 clam
1096 2043 1314 2088 humatum,
1336 2039 1491 2080 addidit

204 2157 224 2187 5
249 2146 462 2188 eloquentiae
482 2145 553 2177 G'2·
546 2158 553 2177 ε
577 2146 771 2186 eloquentia
787 2146 817 2177 L
937 2155 968 2186 5,
985 2146 1006 2176 6
1029 2145 1103 2185 ipse
1119 2149 1219 2185 poeta
1235 2144 1290 2175 hic
1306 2148 1374 2175 tam
1399 2143 1489 2174 idem

206 2195 345 2223 .orator
358 2190 410 2222 L:
433 2190 497 2230 ipsi
514 2195 636 2230 poetae
653 2191 732 2221 hic
724 2201 788 2221 iam
807 2190 922 2221 idem.
970 2190 1120 2220 ,oratori
1133 2188 1292 2220 Martha:
1318 2188 1408 2219 idem
1420 2187 1489 2219 secl.

160 2234 353 2266 Eberhard.
377 2235 545 2265 interdum
560 2234 680 2265 maluit
694 2233 840 2274 Stangl:
864 2213 1051 2264 identidem
1064 2232 1234 2263 Baehrens
1332 2241 1368 2262 11
1395 2231 1491 2262 deni-

161 2289 228 2318 que
252 2279 342 2309 hunc
368 2279 419 2309 L:
453 2278 599 2309 demum.
629 2277 732 2308 Hunc
748 2277 860 2308 Bake:
884 2278 1028 2308 demum.
1054 2286 1154 2316 quem
1178 2274 1300 2307 Simon
1451 2285 1490 2313 14

162 2323 295 2354 Graeca
319 2323 442 2352 malui!
461 2322 558 2360 Jahn
702 2332 746 2352 20
770 2326 822 2352 est
850 2321 940 2360 apud
968 2325 1002 2351 te
1026 2318 1170 2351 BGHM
1307 2319 1350 2349 28
1373 2319 1491 2349 morbo

161 2365 290 2397 addidit
311 2365 440 2407 Teuffel,
460 2365 591 2396 ducente
613 2365 795 2405 Thucydide
810 2365 830 2396 i.
849 2366 910 2404 138
1008 2364 1138 2395 addidit
1154 2363 1188 2395 F
1187 2361 1271 2395 OG:
1295 2363 1492 2403 addiditque

161 2409 292 2450 Kayser
