1696 2730
129 134 190 182 96
213 143 279 189 328
581 141 639 179 M.
670 141 840 179 TVLLI
871 139 1181 181 CICERONIS

213 252 345 303 qualia
364 252 443 292 sint
462 260 501 293 et
522 253 787 293 Hortensium
803 267 992 305 magnum
1018 261 1214 294 oratorem
1239 266 1395 304 semper
1414 252 1549 304 putavi

213 318 464 370 maximeque
483 319 647 370 probavi
673 333 745 371 pro
776 321 964 359 Messalla
983 319 1195 368 dicentem,
1217 332 1309 358 cum
1335 326 1378 358 tu
1403 318 1546 358 afuisti.

213 384 279 423 Sic
307 386 448 433 ferunt,
478 384 654 436 inquam,
685 385 807 436 idque
840 386 1014 424 declarat
1042 384 1209 424 totidem
1240 391 1338 435 quot
1366 383 1475 433 dixit,
1505 390 1549 423 ut

212 449 335 498 aiunt,
357 449 502 501 scripta
527 450 657 490 verbis
686 450 821 490 oratio.
882 448 988 501 Ergo
1015 449 1081 489 ille
1106 463 1130 488 a
1150 450 1295 490 Crasso
1321 450 1485 489 consule
1510 455 1550 488 et

213 516 404 555 Scaevola
426 529 552 566 usque
575 517 627 555 ad
655 517 838 554 Paullum
867 522 906 555 et
933 517 1169 555 Marcellum
1198 516 1382 554 consules
1405 515 1548 564 floruit,
1571 533 1589 568 5

214 594 287 620 nos
307 580 349 619 in
369 582 512 620 eodem
532 595 648 620 cursu
668 581 815 620 fuimus
834 595 858 620 a
877 582 985 620 Sulla
1004 581 1197 620 dictatore
1216 581 1267 620 ad
1287 582 1452 620 eosdem
1471 582 1551 621 fere

216 648 411 686 consules.
453 646 517 686 Sic
542 647 592 696 Q.
612 646 806 686 Hortensi
825 660 902 685 vox
921 646 1113 686 exstincta
1132 648 1214 685 fato
1233 659 1307 686 suo
1326 653 1396 694 est,
1418 654 1552 686 nostra

134 719 197 754 329
216 711 389 763 publico.
450 712 607 760 Melius,
630 726 791 763 quaeso,
812 711 1001 760 ominare,
1022 711 1152 763 inquit
1172 714 1327 751 Brutus.
1380 711 1438 752 Sit
1457 726 1552 752 sane

215 785 259 817 ut
287 777 356 826 vis,
382 777 557 828 inquam,
586 785 625 817 et
648 777 689 817 id
716 791 798 817 non
827 785 908 816 tarn
938 791 1028 817 mea
1055 791 1174 816 causa
1202 791 1323 828 quam
1351 784 1419 817 tua
1432 792 1443 827 ;
1481 778 1551 817 sed

215 844 438 882 fortunatus
466 843 570 882 illius
597 843 735 891 exitus,
764 843 832 894 qui
862 857 909 882 ea
936 857 1020 882 non
1045 842 1144 882 vidit
1169 857 1261 882 cum
1288 844 1427 883 fierent
1449 856 1552 894 quae
1575 859 1616 882 10

216 908 388 959 providit
418 909 557 947 futura.
618 910 744 959 Saepe
773 908 880 947 enim
909 908 1011 948 inter
1039 922 1113 948 nos
1141 908 1410 960 impendentis
1439 922 1553 948 casus

216 973 461 1021 deflevimus,
484 987 576 1012 cum
602 974 697 1012 belli
720 973 845 1012 civilis
871 987 1010 1013 causas
1033 973 1074 1012 in
1103 973 1344 1025 privatorum
1364 974 1555 1025 cupidita-

216 1039 322 1078 tibus
342 1039 524 1087 inclusas,
547 1039 655 1090 pacis
682 1053 793 1090 spem
817 1053 840 1078 a
865 1039 1028 1090 publico
1056 1039 1224 1079 consilio
1249 1053 1336 1079 esse
1354 1041 1554 1079 exclusam

216 1104 452 1143 videremus.
511 1105 590 1144 Sed
619 1104 730 1143 illum
757 1104 912 1144 videtur
939 1104 1104 1144 felicitas
1137 1104 1260 1156 ipsius
1288 1118 1368 1156 qua
1399 1118 1556 1157 semper

216 1177 276 1209 est
304 1183 398 1209 usus
426 1170 478 1209 ab
504 1169 560 1209 eis
584 1169 749 1209 miseriis
775 1183 877 1220 quae
903 1177 1142 1210 consecutae
1165 1177 1257 1210 sunt
1285 1177 1412 1210 morte
1430 1170 1556 1210 vindi-
1576 1187 1614 1220 15

216 1235 377 1275 cavisse.

135 1310 200 1342 330
273 1303 360 1340 Nos
398 1309 543 1350 autem,
586 1304 717 1350 Brute,
759 1302 948 1353 quoniam
993 1310 1084 1354 post
1122 1302 1316 1342 Hortensi
1352 1302 1557 1342 clarissimi

219 1366 383 1406 oratoris
425 1375 594 1406 mortem
636 1369 756 1407 orbae
800 1368 1052 1419 eloquentiae
1093 1368 1206 1419 quasi
1247 1375 1396 1408 tutores
1433 1368 1559 1408 relicti

221 1445 369 1481 sumus,
402 1433 513 1471 domi
547 1440 753 1473 teneamus
786 1447 875 1472 eam
913 1441 1090 1485 saeptam
1120 1433 1272 1474 liberali
1305 1434 1487 1474 custodia
1519 1441 1559 1473 et

223 1498 297 1536 hos
321 1497 478 1548 ignotos
504 1506 624 1549 atque
647 1498 892 1550 impudentis
918 1513 1061 1550 procos
1087 1499 1342 1551 repudiemus
1365 1507 1561 1539 tueamur·
1579 1515 1620 1538 πο
1674 1489 1683 1538 ³³:

221 1576 299 1614 que
337 1571 380 1602 ut
416 1565 594 1603 adultam
624 1564 815 1615 virginem
849 1573 956 1605 caste
990 1572 1029 1605 et
1066 1566 1117 1604 ab
1154 1572 1376 1604 amatorum
1408 1565 1561 1616 impetu

221 1635 416 1679 quantum
445 1643 658 1680 possumus
687 1630 980 1681 prohibeamus.
1040 1618 1241 1681 Equidem
1265 1629 1339 1670 etsi
1357 1631 1477 1670 doleo
1496 1643 1561 1669 me

222 1694 263 1732 in
292 1694 413 1732 vitam
447 1696 567 1745 paulo
598 1694 720 1734 serius
751 1702 956 1746 tamquam
985 1695 1026 1734 in
1056 1695 1162 1735 viam
1191 1695 1423 1747 ingressum,
1453 1695 1562 1747 prius

223 1773 344 1810 quam
371 1761 599 1799 confectum
626 1760 699 1799 iter
725 1760 785 1808 sit,
807 1760 848 1799 in
871 1762 976 1800 hanc
1005 1760 1060 1801 rei
1085 1761 1270 1812 publicae
1289 1768 1450 1801 noctem
1468 1760 1563 1800 inci-

221 1825 337 1872 disse,
359 1832 493 1865 tamen
514 1840 560 1865 ea
579 1826 853 1866 consolatione
873 1834 1073 1867 sustentor
1091 1840 1213 1878 quam
1232 1834 1275 1866 tu
1295 1826 1404 1875 mihi,
1427 1829 1559 1875 Brute,
1582 1846 1620 1880 25

222 1890 440 1929 adhibuisti
474 1891 551 1930 tuis
585 1891 826 1931 suavissimis
857 1891 1006 1941 litteris,
1037 1892 1183 1943 quibus
1213 1906 1278 1932 me
1307 1891 1399 1931 forti
1426 1892 1563 1932 animo

223 1969 310 1995 esse
348 1963 530 2006 oportere
563 1958 766 2005 censebas,
802 1959 913 2008 quod
951 1971 998 1997 ea
1029 1957 1239 2008 gessissem
1270 1971 1372 2009 quae
1409 1958 1460 1997 de
1498 1971 1563 1998 me

223 2020 343 2060 etiam
381 2035 446 2060 me
484 2028 640 2061 tacente
678 2022 763 2074 ipsa
795 2024 1052 2073 loquerentur
1087 2023 1344 2074 viverentque
1381 2030 1539 2064 mortuo
1553 2038 1564 2073 ς

223 2099 338 2136 quae,
369 2086 402 2124 si
430 2094 536 2126 recte
565 2095 679 2135 esset,
706 2090 831 2127 salute
860 2088 916 2128 rei
943 2088 1138 2140 publicae,
1165 2088 1225 2127 sin
1254 2102 1379 2137 secus,
1404 2088 1564 2129 interitu

223 2152 310 2203 ipso
331 2152 604 2191 testimonium
624 2167 805 2193 meorum
825 2155 876 2194 de
896 2168 937 2194 re
957 2154 1117 2206 publica
1136 2154 1391 2194 consiliorum
1411 2155 1561 2194 darent.
1583 2176 1624 2208 30

271 2266 286 2286 1
314 2260 347 2286 et
363 2266 430 2288 om.
449 2256 564 2287 BHM
663 2267 684 2297 3
708 2257 866 2297 idemque
889 2257 1006 2288 BHM
1134 2257 1155 2288 8
1178 2258 1329 2289 ominare
1349 2257 1414 2290 G⁸:
1436 2268 1457 2290 ο
1473 2258 1565 2290 mine

228 2298 347 2330 O2FG1
365 2311 372 2330 :
395 2300 512 2331 omitte
532 2300 561 2332 C
692 2311 728 2332 11
756 2301 905 2341 providit
927 2300 980 2331 L:
1003 2301 1172 2341 praevidit
1193 2300 1385 2332 Lambinus
1523 2312 1563 2333 21

227 2348 414 2374 amatorum
428 2344 515 2384 vulg.
528 2355 535 2376 ε
560 2348 765 2375 armatorum
779 2343 809 2374 L
899 2345 941 2375 28
966 2344 1054 2387 [me]
1067 2349 1204 2376 tacente
1217 2345 1343 2386 Stangl
1394 2345 1566 2378 viverent-

227 2397 295 2426 que
326 2392 459 2418 mortuo
493 2387 638 2428 Stangl:
670 2394 870 2428 mortuoque
898 2389 966 2428 (me
989 2388 1066 2419 add.
1087 2389 1240 2430 Ernesti)
1272 2390 1431 2420 viverent
1454 2390 1565 2431 vulg.:

231 2435 366 2461 mortuo
383 2429 606 2471 viverentque
622 2432 711 2472 vulg.
844 2442 887 2472 29
910 2432 1020 2464 salute
1037 2432 1144 2473 vulga:
1170 2432 1272 2463 saluti
1295 2431 1325 2463 L
