1696 2730
154 147 210 186 42
230 153 292 188 143
583 139 642 179 M.
682 139 852 179 TVLLI
891 140 1202 181 CICERONrs

225 249 267 288 in
287 248 576 301 cognoscendis
599 249 970 302 componendisque
989 249 1128 299 causis,
1150 252 1306 291 forense
1325 249 1367 290 in
1385 250 1559 303 agendis,

225 315 422 366 reliquum
442 315 482 354 in
509 329 595 355 sese
621 315 716 367 ipsis
742 316 966 356 reficiendis
987 330 1107 357 omne
1127 325 1418 365 consumerent,
1441 330 1561 368 quem

225 381 429 421 habebant
448 381 682 421 instituendi
701 389 769 420 aut
788 382 962 421 docendi
981 383 1145 422 locum?
1191 384 1326 433 Atque
1345 383 1453 422 haud
1479 382 1562 423 scio

224 459 276 485 an
296 446 474 498 plerique
499 454 723 486 nostrorum
751 444 951 486 oratorum
978 445 1133 500 [contra
1151 454 1271 498 atque
1290 445 1381 500 nos]
1402 447 1562 498 ingenio

224 513 314 562 plus
333 511 526 551 valuerint
541 525 662 562 quam
678 511 859 551 doctrina
872 526 883 561 ς
908 512 1043 563 itaque
1062 512 1118 551 illi
1133 512 1264 552 dicere
1284 512 1424 552 melius
1441 525 1560 563 quam
1581 527 1598 560 5

144 588 208 622 144
225 577 462 628 praecipere,
485 590 559 616 nos
588 584 726 617 contra
753 578 918 617 fortasse
946 590 1170 628 possumus.
1232 580 1302 617 ‘At
1327 577 1560 629 dignitatem

224 643 369 682 docere
389 655 471 681 non
491 643 636 681 habet.'
675 643 803 690 Certe,
820 642 852 682 si
867 642 979 693 quasi
999 642 1040 681 in
1055 644 1176 692 lud03
1200 644 1271 683 sed
1291 643 1323 682 si
1342 644 1562 692 monendo,

225 707 257 747 si
283 709 543 755 cohortando,
573 707 605 747 si
633 709 920 759 percontando,
949 708 980 747 si
1009 708 1358 757 communicando,
1386 708 1419 748 si
1446 708 1562 748 inter-

223 774 321 813 dum
337 772 456 813 etiam
472 786 552 812 una
570 774 755 824 legendo,
769 773 984 822 audiendo,
998 773 1134 813 nescio
1148 772 1250 827 [cur]
1266 788 1358 813 curn
1374 775 1560 814 docendo

223 839 342 878 etiam
362 838 513 889 aliquid
528 838 745 889 aliquando
762 837 828 892 [si]
842 839 970 890 possis
985 839 1168 879 meliores
1182 841 1326 889 facere,
1340 853 1410 879 cur
1428 840 1560 880 nolis?
1580 853 1622 875 10

221 905 288 943 An
308 903 453 955 quibus
480 902 610 942 verbis
639 917 838 943 sacrorum
868 904 1055 944 alienatio
1081 906 1150 943 fiat
1175 906 1319 944 docere
1345 906 1558 945 honestum

222 967 310 1023 est[,
332 976 375 1008 ut
399 967 499 1022 est]:
530 968 675 1020 quibus
704 968 790 1019 ipsa
818 982 928 1008 sacra
955 969 1113 1009 retineri
1139 971 1382 1022 defendique
1406 971 1560 1022 possint

142 1045 204 1079 145
223 1048 304 1074 non
330 1036 544 1074 honestum
571 1036 659 1073 est?
701 1037 712 1055 ‘
719 1036 774 1073 At
793 1034 853 1074 ius
873 1036 1107 1086 profitentur
1126 1035 1244 1075 etiarn
1265 1036 1334 1088 qui
1353 1037 1536 1076 nesciunt
1548 1051 1559 1087 3

222 1100 492 1151 eloquentiam
518 1107 652 1139 autern
679 1100 735 1139 illi
760 1099 835 1151 ipsi
860 1100 929 1152 qui
954 1102 1160 1141 consecuti
1185 1110 1277 1142 sunt
1296 1110 1430 1142 tamen
1450 1117 1497 1143 ea
1515 1116 1558 1143 se

221 1167 351 1205 valere
379 1165 655 1205 dissimulant.'
710 1167 924 1217 Propterea
949 1169 1059 1218 quod
1087 1167 1298 1219 prudentia
1326 1168 1556 1208 hominibus
1578 1184 1617 1217 15

220 1239 329 1282 grata
348 1238 417 1279 est,
435 1231 569 1282 lingua
588 1238 782 1282 suspecta.
841 1233 951 1271 Num
970 1232 1086 1283 igitur
1104 1240 1173 1272 aut
1191 1234 1311 1273 latere
1331 1232 1559 1284 eloquentia

220 1304 352 1348 potest
377 1304 446 1336 aut
471 1296 513 1336 id
539 1298 649 1348 quod
675 1296 898 1336 dissimulat
923 1298 1058 1349 effugit
1083 1306 1151 1337 aut
1179 1306 1239 1338 est
1258 1299 1477 1350 periculum
1506 1313 1557 1340 ne

221 1361 309 1413 quis
329 1369 442 1413 putet
461 1361 502 1400 in
528 1375 673 1413 magna
697 1369 779 1401 arte
805 1369 844 1401 et
863 1362 1033 1413 gloriosa
1057 1370 1171 1415 turpe
1190 1378 1276 1405 esse
1295 1366 1440 1404 docere
1459 1365 1557 1406 alios

140 1430 203 1472 146
221 1427 262 1467 id
291 1429 401 1478 quod
434 1427 510 1479 ipsi
546 1427 662 1467 fuerit
699 1428 1023 1468 honestissimum
1057 1430 1242 1470 discere?
1298 1433 1359 1471 Ac
1391 1433 1557 1471 fortasse

220 1492 340 1533 ceteri
360 1493 543 1532 tectiores
559 1508 571 1542 3
599 1506 672 1544 ego
693 1507 848 1545 semper
867 1508 932 1534 me
951 1494 1138 1535 didicisse
1157 1510 1250 1547 prae
1270 1510 1335 1536 me
1354 1497 1437 1536 tuli.
1474 1496 1556 1547 Qui
1576 1514 1617 1537 20

219 1558 327 1598 enirn
350 1572 521 1610 possem,
544 1572 636 1598 cum
658 1557 730 1612 [et]
750 1559 938 1599 afuissem
958 1562 1082 1601 domo
1100 1563 1336 1602 adulescens
1355 1570 1394 1602 et
1413 1564 1557 1602 horum

219 1623 441 1663 studiorum
467 1637 587 1663 causa
612 1625 735 1663 maria
754 1625 981 1665 transissem
1002 1634 1041 1666 et
1060 1627 1300 1667 doctissimis
1325 1628 1556 1668 hominibus

218 1691 360 1729 referta
380 1690 525 1729 domus
551 1697 655 1729 esset
674 1698 714 1729 et
733 1690 889 1742 aliquae
915 1692 1079 1732 fortasse
1105 1692 1281 1733 inessent
1306 1693 1346 1732 in
1373 1707 1556 1734 sermone

219 1762 356 1794 nostro
393 1754 663 1794 doctrinarum
705 1763 824 1795 notae
867 1770 1039 1808 cumque
1076 1760 1194 1810 vulgo
1236 1758 1382 1810 scripta
1421 1767 1557 1799 nostra

217 1822 450 1872 legerentur,
495 1820 743 1861 dissimulare
789 1836 854 1862 me
896 1822 1115 1864 didicisse?
1171 1824 1281 1875 Quid
1329 1823 1427 1878 [erat
1468 1823 1554 1879 cur]
1576 1839 1614 1872 25

218 1887 430 1937 probarem
459 1886 533 1926 nisi
565 1889 676 1938 quod
704 1901 844 1939 parum
873 1890 1038 1928 fortasse
1066 1891 1340 1940 profeceram?

146 1957 201 1996 43
275 1952 398 2000 Quod
427 1964 520 1990 curn
548 1951 603 1991 ita
631 1952 694 2002 sit,
714 1960 848 1993 tamen
876 1967 923 1994 ea
949 1968 1051 2005 quae
1081 1968 1199 2006 supra
1223 1954 1331 1995 dicta
1355 1962 1447 1995 sunt
1466 1957 1554 2007 plus

261 2065 281 2094 4
305 2059 426 2086 contra
442 2060 544 2095 atque
560 2065 624 2087 nos
640 2066 706 2088 om.
725 2054 755 2086 L
903 2066 924 2098 5
948 2058 1069 2090 melius
1084 2058 1210 2090 docere
1225 2057 1268 2089 L¹
1417 2060 1438 2092 8
1462 2070 1555 2093 com-

217 2099 421 2130 municando
437 2099 471 2129 A
488 2111 496 2131 t
520 2101 821 2132 commemorando
836 2100 866 2132 L
976 2112 998 2142 9
1021 2112 1081 2133 cur
1096 2112 1170 2134 cum
1185 2102 1274 2144 vulg.
1291 2114 1300 2135 ε
1323 2113 1385 2135 cur
1400 2114 1469 2135 non
1485 2103 1553 2136 AL

216 2143 301 2174 eiedt
314 2142 526 2175 Lambinus:
558 2154 619 2175 cur
640 2145 708 2176 secl.
729 2144 842 2176 Bake:
866 2144 984 2177 nescio
1007 2156 1069 2177 cur
1090 2170 1098 2178 .
1124 2169 1133 2179 .
1161 2171 1169 2179 .
1192 2146 1296 2178 etiam
1318 2147 1389 2179 secl.
1415 2147 1558 2190 Madvig

220 2196 261 2218 10
283 2187 439 2227 possisA
454 2197 461 2218 :
478 2197 600 2227 posses
613 2187 662 2219 Lz
683 2188 711 2219 si
724 2189 836 2228 possis
853 2189 942 2230 vulg.
1012 2189 1135 2221 melius
1146 2190 1174 2221 L
1266 2199 1306 2222 12
1329 2195 1366 2222 ut
1377 2196 1430 2223 est
1439 2202 1504 2225 om.
1517 2192 1551 2223 A

220 2240 260 2269 14
285 2229 511 2270 eloquentiam
528 2231 562 2261 A
579 2243 587 2263 x
610 2231 806 2272 eloquentia
821 2231 852 2263 L
966 2243 1008 2265 ea
1030 2244 1098 2266 om.
1119 2233 1171 2266 L:
1195 2244 1280 2275 eam,
1298 2240 1415 2267 tamen
1431 2235 1558 2278 Stangl

220 2283 259 2313 15
284 2274 473 2306 dissimulat
487 2273 556 2306 AL
574 2286 581 2307 :
605 2276 836 2307 dissimulatur
850 2276 983 2307 Ernesti
1109 2287 1153 2309 20
1174 2278 1232 2318 qui
1247 2278 1337 2320 vulg.
1358 2290 1367 2311 τ
1388 2278 1469 2320 quid
1483 2279 1553 2311 AL

217 2327 256 2347 21
284 2322 317 2348 et
330 2328 394 2349 om.
409 2318 443 2348 A
534 2319 635 2351 domo
651 2330 718 2351 om.
731 2320 760 2350 L
850 2330 892 2351 22
916 2319 1067 2352 mariaA
1083 2332 1091 2353 z
1115 2331 1207 2353 mare
1219 2322 1246 2353 L
1334 2332 1376 2363 25
1399 2322 1553 2355 dissimu-

216 2360 322 2391 larem
339 2361 390 2392 L:
414 2361 650 2395 dissimulare?
675 2374 743 2394 non
767 2373 822 2394 me
844 2363 970 2405 Stangl
1076 2365 1158 2405 quid
1175 2364 1241 2397 AL
1259 2377 1267 2398 ε
1290 2367 1348 2407 qui
1371 2366 1459 2399 codd.
1478 2367 1549 2400 dett.

217 2409 290 2436 erat
306 2415 366 2436 cur
381 2415 447 2437 om.
465 2405 499 2436 A
656 2408 700 2438 26
722 2407 950 2448 improbarem
963 2408 1060 2447 Jahn
