1696 2730
166 172 288 214 81281
602 175 660 214 M.
701 175 872 214 TVLLI
913 173 1223 215 CICERONIS

145 427 207 459 282

159 1111 211 1149 82

147 1174 210 1213 283

149 1808 213 1848 284

228 302 270 328 se
301 302 431 328 meam
463 286 708 337 contulisset,
740 301 859 339 saepe
889 287 1014 340 egisse
1045 301 1110 327 me
1139 287 1316 335 arbitror,
1348 300 1439 326 cum
1469 300 1560 326 eum

227 355 486 394 vehementer
513 356 690 393 hortarer
720 362 763 393 ut
790 368 878 393 eam
905 353 1033 393 laudis
1060 353 1164 392 viam
1189 352 1448 392 rectissimam
1475 366 1561 392 esse

229 421 392 459 duceret
421 433 541 471 quam
576 420 744 459 maiores
782 419 866 459 eius
900 419 936 459 ei
974 419 1105 458 tritam
1136 418 1396 469 reliquissent.
1467 420 1562 457 Erat

229 485 337 525 enim
364 499 456 525 cum
486 485 688 524 institutus
719 484 870 536 optime
899 475 985 523 tum
1019 484 1139 524 etiam
1164 486 1336 535 perfecte
1365 486 1563 535 planeque

228 551 416 598 eruditus,
437 550 643 601 ineratque
672 558 711 589 et
737 550 939 602 ingenium
970 550 1063 590 satis
1092 564 1181 589 acre
1210 557 1250 590 et
1273 549 1461 589 orationis
1481 562 1563 588 non

227 617 429 668 inelegans
459 616 575 667 copia
589 631 598 665 3
636 624 917 667 praetereaque
948 616 1032 656 sine
1058 616 1289 667 adrogantia
1318 615 1444 667 gravis
1478 628 1564 654 esse

227 682 437 723 videbatur
465 690 504 721 et
531 681 616 721 sine
645 681 811 732 segnitia
839 683 1097 721 verecundus.
1157 683 1237 721 Sed
1266 682 1373 721 hunc
1402 694 1563 731 quoque

228 747 434 788 absorbuit
465 755 596 787 aestus
630 747 794 798 quidam
828 747 1010 787 insolitae
1040 747 1364 787 adulescentibus
1393 745 1564 798 gloriae3

229 813 297 864 qui
337 812 430 863 quia
467 820 627 852 navarat
666 812 778 852 miles
818 826 979 863 operam
1013 812 1251 864 imperatori,
1284 812 1562 863 imperatorem

229 891 271 918 se
301 878 432 917 statim
459 892 545 918 esse
574 878 773 929 cupiebat,
794 878 858 917 cui
884 878 1038 917 muneri
1062 892 1149 917 mos
1174 878 1367 917 maiorum
1391 884 1562 917 aetatem

229 952 388 991 certam,
411 951 557 983 sortem
578 943 768 982 incertam
790 943 957 994 reliquit.
1018 945 1079 982 Ita
1098 943 1342 994 gravissumo
1362 957 1435 983 suo
1455 957 1561 991 casu,

229 1010 326 1049 dum
349 1009 440 1060 Cyri
461 1017 499 1048 et
518 1009 734 1048 Alexandri
749 1008 891 1048 similis
912 1023 998 1048 esse
1018 1009 1153 1057 voluit,
1176 1009 1245 1060 qui
1265 1023 1381 1048 suum
1405 1022 1563 1048 cursum

229 1082 547 1122 transcurrerant‚
582 1082 621 1114 et
659 1076 703 1113 L.
737 1074 869 1115 Crassi
907 1081 946 1114 et
985 1076 1198 1114 multorum
1240 1076 1471 1115 Crassorum
1509 1074 1566 1113 in-

229 1147 370 1179 ventus
399 1147 458 1179 est
487 1139 785 1179 dissimillimus.
845 1141 925 1179 Sed
953 1141 1006 1179 ad
1030 1140 1287 1180 Calvum—is
1311 1140 1418 1180 enim
1447 1139 1563 1178 nobis

229 1212 311 1244 erat
341 1200 888 1255 propositus——revertamun
925 1205 993 1256 qui
1028 1213 1159 1245 orator
1189 1205 1261 1244 fuit
1299 1219 1391 1244 cum
1425 1205 1563 1245 litteris

228 1270 419 1309 eruditior
449 1283 569 1320 quarn
600 1270 722 1311 Curio
751 1278 835 1309 tum
871 1270 989 1309 etiam
1021 1271 1242 1310 accuratius
1273 1272 1478 1322 quoddam
1509 1270 1566 1310 di-

230 1335 348 1375 cendi
386 1343 425 1375 et
464 1335 694 1386 exquisitius
733 1337 937 1375 adferebat
974 1350 1099 1387 genus
1114 1351 1124 1385 3
1171 1338 1281 1387 quod
1319 1349 1563 1388 quamquam

229 1401 399 1440 scienter
419 1402 697 1452 eleganterque
721 1402 927 1450 tractabat,
947 1402 1115 1440 nimium
1143 1410 1276 1442 tamen
1300 1402 1503 1453 inquirens
1523 1401 1564 1441 in

230 1480 271 1506 se
318 1474 438 1517 atque
477 1466 561 1517 ipse
600 1480 686 1506 sese
729 1467 943 1506 observans
989 1474 1251 1518 metuensque
1289 1481 1340 1507 ne
1377 1467 1564 1507 vitiosum

230 1532 441 1582 colligeret,
465 1532 583 1572 etiam
599 1546 736 1572 verum
757 1532 989 1583 sanguinem
1012 1534 1266 1583 deperdebat.
1318 1535 1460 1584 Itaque
1480 1533 1564 1572 eius

230 1598 356 1636 oratio
384 1597 506 1636 nimia
532 1597 720 1648 religione
748 1605 952 1638 attenuata
979 1598 1107 1637 doctis
1134 1606 1173 1638 et
1199 1606 1348 1638 attente
1373 1597 1566 1638 audienti-

231 1663 306 1701 bus
331 1669 412 1701 erat
441 1662 625 1710 inlustris,
652 1678 677 1701 a
701 1663 958 1702 multitudine
987 1670 1121 1703 autem
1151 1671 1189 1703 et
1215 1677 1239 1703 a
1264 1665 1360 1712 soro,
1384 1663 1448 1704 cui
1474 1671 1566 1703 nata

231 1727 460 1778 eloquentia
480 1735 550 1776 est,
573 1729 846 1768 devorabatur.

286 1795 392 1832 Tum
433 1795 603 1833 Brutus:
651 1794 831 1834 Atticum
870 1809 924 1841 se,
964 1794 1103 1846 inquit,
1146 1796 1293 1835 Calvus
1323 1803 1457 1835 noster
1486 1795 1565 1835 dici

232 1866 428 1897 oratorem
467 1860 651 1898 volebat:
692 1859 786 1899 inde
821 1867 903 1899 erat
941 1860 1015 1900 ista
1052 1860 1203 1900 exilitas
1242 1874 1361 1912 quam
1405 1860 1471 1901 ille
1514 1862 1565 1901 de

232 1923 426 1963 industria
463 1925 794 1975 consequebatur.
855 1926 1041 1975 Dicebat,
1079 1925 1253 1977 inquam,
1294 1926 1373 1976 ita3
1420 1928 1491 1966 sed
1528 1934 1568 1967 et

233 1988 317 2039 ipse
351 1990 504 2028 errabat
538 1997 577 2029 et
609 1990 708 2029 alios
735 1991 854 2030 etiam
886 2005 1013 2031 errare
1046 1992 1224 2043 cogebat.
1283 1993 1389 2030 Nam
1418 1992 1450 2031 si
1479 1992 1568 2043 quis

234 2067 303 2093 eos
333 2054 401 2104 qui
435 2068 510 2094 nec
544 2054 679 2106 inepte
708 2055 847 2096 dicunt
877 2071 951 2096 nec
985 2057 1124 2097 odiose
1162 2071 1236 2096 nec
1269 2057 1407 2108 putide
1434 2058 1569 2098 Attice

234 2127 346 2171 putat
380 2119 522 2168 dicere,
554 2120 586 2160 is
615 2129 721 2160 recte
750 2121 824 2160 nisi
854 2122 1033 2162 Atticum
1062 2123 1204 2174 probat
1232 2123 1444 2163 neminem.
1505 2125 1568 2163 In-

279 2236 299 2264 4
324 2224 475 2264 perfecte
500 2225 670 2256 litteratus
694 2224 833 2266 Stangl:
862 2227 989 2258 notavit
1010 2228 1166 2258 lacunam
1182 2227 1278 2266 Jahn
1474 2228 1495 2258 8
1517 2227 1567 2259 in-

235 2268 355 2299 solitae
384 2267 436 2298 L:
471 2279 540 2299 non
568 2269 726 2300 insolitae
752 2269 822 2301 edd.
850 2273 922 2302 vett.
942 2282 949 2301 :
973 2271 1093 2302 insitae
1116 2270 1240 2312 Campe
1372 2281 1412 2303 10
1434 2271 1567 2303 muneri

235 2312 327 2352 vulg.
349 2322 356 2342 :
395 2322 537 2343 munere
567 2313 597 2343 L
763 2314 927 2345 maiorum
955 2315 1066 2356 vulga:
1092 2314 1254 2346 malorum
1270 2313 1299 2344 L
1436 2325 1475 2355 15
1507 2315 1569 2347 suit

240 2354 428 2386 Corradus:
451 2355 568 2388 fuisset
584 2355 637 2387 L:
672 2356 826 2393 suisset-l·
850 2357 1040 2389 Friedrich:
1071 2368 1148 2389 cum
1172 2358 1291 2390 suisset
1314 2356 1460 2390 Schis’tz:
1493 2369 1567 2390 cum

237 2402 330 2472 esslet
345 2398 471 2429 Pidem’t
610 2410 654 2431 20
678 2401 896 2440 dependebat
912 2401 940 2432 L
956 2413 964 2433 ε
987 2411 1067 2434 corr.
1086 2401 1185 2434 F²O²
1201 2402 1244 2434 al.
1389 2412 1429 2433 22
1453 2413 1472 2434 a
1488 2402 1565 2435 add.

237 2451 281 2473 vu
289 2452 324 2484 g.

1583 555 1601 589 5

1585 883 1626 907 10

1585 1185 1696 1268 15{

1587 1543 1627 1567 20

1692 1675 1696 1696 -.
1693 1645 1696 1655 ..
1691 1619 1696 1627 ι.
1686 1426 1696 1600 ...ΔΕΑ-ω.-
1687 1395 1689 1398 -
