1696 2730
660 161 897 203 ORATOR
1394 160 1449 199 62

117 275 270 315 nullum
298 273 480 314 habuerit
509 279 602 313 ante
629 285 791 320 nomen,
819 269 1033 310 necessitas
1061 276 1176 321 cogat
1204 275 1272 308 aut
1299 281 1448 308 novum

117 341 245 380 facere
264 339 429 379 verbum
448 345 516 378 aut
534 352 558 377 a
577 337 695 377 simili
713 335 894 376 mutuari.

173 405 267 454 Quo
294 411 427 444 autem
459 410 577 455 pacto
609 403 750 442 deceat
777 400 901 440 incise
929 398 1229 440 membratimve
1257 398 1336 438 dici
1370 398 1448 437 iam

118 469 340 509 videbimus
354 484 365 518 3
406 482 514 507 nunc
546 474 644 518 quot
677 465 807 506 modis
840 472 1042 504 mutentur
1073 463 1449 515 comprehensiones

81 549 99 582 5
118 534 475 584 conclusionesque
505 533 722 573 dicendum
752 539 821 571 est.
881 530 986 570 Fluit
1016 530 1182 570 omnino
1212 542 1399 569 numerus
1427 543 1451 568 a

118 599 247 650 primo
284 606 368 638 tum
409 597 608 638 incitatius
652 597 842 636 brevitate
887 597 1047 647 pedum,
1088 602 1174 634 tum
1217 594 1451 646 proceritate

119 664 278 704 tardius.
355 665 526 705 Cursum
563 662 839 703 contentiones
880 661 1004 712 magis
1048 660 1262 712 requirunt,
1302 660 1453 711 exposi-

120 729 248 769 tiones
284 743 413 769 rerum
452 728 686 768 tarditatem.
751 726 903 767 Insistit
939 733 1073 766 autem
1110 725 1283 765 ambitus
1322 725 1452 765 modis

121 795 309 846 pluribuS‚
351 808 372 835 e
409 794 554 846 quibus
591 807 716 833 unum
754 800 813 832 est
857 799 993 832 secuta
1030 791 1126 830 Asia
1163 790 1344 838 maxime,
1385 789 1455 841 qui

63 871 104 895 ιο
122 859 333 900 dichoreus
365 867 537 907 vocatur,
573 873 665 898 cum
703 860 784 898 duo
822 857 985 897 extremi
1022 856 1156 896 chorei
1187 864 1287 904 sunt,
1320 856 1362 895 id
1395 862 1455 895 est

121 939 144 964 e
164 925 326 976 singulis
346 925 472 976 longis
492 932 531 964 et
550 924 746 964 brevibus.
798 924 1105 974 Explanandum
1126 929 1185 962 est
1204 921 1321 970 enim,
1345 922 1455 972 quod

121 991 173 1030 ab
192 990 277 1029 aliis
297 990 428 1030 eidem
448 991 570 1041 pedes
590 989 675 1029 aliis
694 988 897 1029 vocabulis
917 988 1183 1028 nominantur.
1232 987 1455 1026 Dichoreus

122 1069 205 1095 non
231 1063 290 1095 est
315 1055 380 1094 ille
404 1055 567 1106 quidem
596 1068 667 1094 sua
690 1061 832 1105 sponte
850 1053 1014 1093 vitiosus
1041 1053 1081 1091 in
1106 1052 1301 1100 clausulis,
1325 1053 1396 1091 sed
1415 1051 1457 1089 in

123 1120 310 1160 orationis
331 1134 496 1160 numero
515 1120 614 1159 nihil
637 1127 696 1159 est
722 1127 803 1158 tam
822 1118 1009 1158 vitiosum
1033 1131 1153 1168 quam
1173 1117 1205 1156 si
1225 1130 1380 1168 semper
1399 1123 1459 1156 est

66 1194 106 1227 ι5
123 1186 241 1226 idem.
302 1185 421 1226 Cadit
447 1192 581 1224 autem
609 1198 679 1235 per
707 1197 748 1223 se
776 1183 842 1222 ille
870 1182 955 1234 ipse
987 1183 1196 1233 praeclare,
1227 1195 1308 1232 quo
1337 1180 1457 1220 etiam

125 1251 284 1290 satietas
312 1250 564 1290 formidanda
591 1257 651 1289 est
680 1249 814 1299 magis.
875 1250 946 1287 Me
972 1255 1100 1287 stante
1121 1248 1166 1287 C.
1190 1248 1323 1288 Carbo
1344 1247 1388 1287 C.
1413 1247 1455 1285 F.

125 1317 305 1357 tribunus
325 1316 452 1367 plebis
471 1316 512 1354 in
532 1316 720 1355 contione
740 1314 838 1354 dixit
857 1314 918 1353 his
930 1314 1058 1353 verbis
1075 1328 1082 1352 :
1110 1314 1146 1353 O
1165 1315 1300 1352 Marce
1315 1314 1456 1359 Druse,

125 1389 276 1433 patrem
305 1382 618 1432 appello—haec
642 1379 805 1431 quidem
834 1380 916 1418 duo
945 1377 1048 1417 binis
1078 1377 1247 1428 pedibus
1275 1376 1459 1425 incisim3

126 1448 221 1488 dein
258 1446 536 1487 membratim:
592 1448 656 1485 Tu
699 1445 830 1485 dicere
869 1445 1026 1483 solebas
1064 1456 1214 1482 sacram
1252 1456 1338 1482 esse
1375 1455 1459 1481 rem

69 1525 111 1550 20
126 1513 327 1564 publicam
343 1514 507 1561 3-haec
526 1511 619 1551 item
641 1511 820 1550 membra
845 1509 965 1549 ternis
981 1523 992 1558 3
1024 1516 1114 1559 post
1132 1507 1328 1547 ambitus:
1364 1506 1461 1556 Qui-

126 1591 300 1629 cumque
319 1591 408 1617 earn
427 1577 689 1624 violavissent,
710 1576 762 1614 ab
783 1574 969 1615 omnibus
990 1587 1076 1613 esse
1099 1573 1135 1612 ei
1161 1587 1310 1624 poenas
1330 1585 1461 1623 perso-

126 1645 228 1683 lutas
242 1642 543 1692 3—-dichoreus;
575 1641 674 1680 nihil
708 1640 815 1679 enim
842 1641 896 1679 ad
923 1653 1016 1686 rem,
1048 1646 1222 1678 extrema
1249 1638 1315 1676 illa
1343 1639 1461 1688 longa

126 1708 175 1748 sit
203 1722 255 1747 an
281 1707 435 1756 brevis;
464 1707 636 1746 deinde:
672 1705 797 1744 Patris
820 1705 972 1744 dictum
999 1703 1155 1755 sapiens
1181 1702 1379 1742 temeritas
1405 1702 1461 1741 fili

128 1773 536 1825 comprobavit-hoc
564 1772 754 1811 dichoreo
787 1778 919 1809 tantus
953 1771 1102 1808 clamor
1132 1768 1329 1808 contionis
1363 1768 1462 1807 exci-

71 1854 110 1886 ²5
129 1847 232 1879 tatus
256 1846 326 1887 est,
347 1845 391 1877 ut
418 1837 651 1877 admirabile
679 1843 792 1876 esset.
852 1836 1012 1884 Quaero
1041 1847 1175 1874 nonne
1204 1833 1246 1873 id
1274 1847 1461 1873 numerus

129 1904 328 1945 effecerit?
383 1903 607 1943 Verborum
638 1901 819 1941 ordinem
850 1900 1029 1948 immuta,
1057 1900 1119 1938 fac
1149 1898 1230 1938 sic:
1271 1899 1463 1949 Compro-

130 1970 237 2010 bavit
265 1969 319 2008 fili
348 1968 556 2016 temeritas,
588 1967 667 2007 iam
695 1966 793 2005 nihil
821 1965 902 2013 erit,
935 1964 1007 2004 etsi
1036 1963 1233 2003 temeritas
1262 1978 1310 2003 ex
1338 1963 1462 2003 tribus

130 2035 316 2075 brevibus
339 2041 377 2073 et
403 2035 521 2084 longa
540 2040 609 2080 est,
631 2045 751 2083 quem
772 2030 1003 2070 Aristoteles
1023 2036 1066 2068 ut
1085 2029 1280 2080 optimum
1307 2029 1460 2079 probat,

131 2114 155 2140 a
169 2113 250 2151 quo
262 2098 464 2139 dissentio.
508 2100 576 2137 ‘At
592 2098 732 2136 eadem
747 2096 881 2144 verba,
895 2096 1035 2135 eadem
1055 2093 1273 2134 sententia.'
1313 2093 1462 2134 Animo

74 2177 116 2209 30
133 2166 234 2206 istuc
253 2165 345 2204 satis
366 2172 435 2212 est,
456 2163 616 2203 auribus
640 2176 722 2202 non
751 2161 854 2201 satis.
914 2161 993 2200 Sed
1018 2159 1060 2199 id
1086 2159 1258 2199 crebrius
1278 2158 1361 2198 fieri
1380 2173 1462 2199 non

179 2279 193 2299 1
219 2273 318 2308 cogat
327 2268 437 2309 vulg.:
455 2267 544 2307 cogit
556 2266 584 2297 L
691 2275 725 2295 11
744 2265 834 2305 quod
852 2265 880 2296 L
897 2275 904 2296 ε
928 2265 1019 2304 quod
1037 2264 1101 2295 iam
1114 2263 1281 2303 Rufinus:
1303 2263 1463 2303 quoniam

133 2311 257 2354 Stangl
388 2322 426 2342 12
450 2311 491 2342 ab
504 2310 580 2342 aliis
597 2309 763 2349 Rufinus:
789 2309 831 2339 ab
848 2308 915 2339 illis
930 2308 960 2339 L
1110 2318 1150 2347 19
1173 2307 1253 2338 dein
1266 2306 1294 2336 L
1309 2318 1315 2338 :
1338 2307 1463 2338 deinde

133 2356 263 2387 Nonius
283 2355 472 2395 etRufinus
634 2357 670 2384 tu
695 2353 723 2383 L
741 2352 908 2392 Rufinus:
934 2357 1005 2382 tum
1028 2351 1159 2382 Nonius
1297 2351 1340 2382 28
1362 2360 1464 2391 quem

133 2399 263 2432 ΜΡΠΟα
278 2399 449 2440 Rufinus:
473 2408 575 2439 quam
589 2397 661 2430 FO¹
675 2408 682 2430 ε
707 2407 808 2437 quem
824 2405 1002 2427 numerum
1019 2395 1138 2426 maluit
1150 2393 1274 2437 Stangl

1315 2447 1376 2480 12*

1471 173 1529 197 211

1467 369 1523 415 63

1471 438 1530 460 212

1475 998 1539 1030 213

1479 1520 1543 1553 214

1482 2109 1545 2142 215
