1696 2730
187 171 237 210 57
259 173 321 210 195
615 160 672 199 M.
709 159 880 199 TVLLI
920 159 1232 201 CICERONIS

254 285 351 319 esse,
374 278 417 311 ut
437 284 592 323 poema,
615 285 747 322 neque
774 279 881 311 extra
900 285 1125 320 numerum,
1145 278 1189 311 ut
1215 284 1346 311 sermo
1369 271 1485 323 vulgi,
1508 285 1596 313 esse

253 338 375 377 debet
405 337 754 377 oratio-alterum
788 337 907 376 nimis
942 345 1001 377 est
1029 337 1219 386 vinctum,
1246 344 1290 376 ut
1319 338 1370 378 de
1400 337 1595 378 industria

253 403 402 442 factum
430 410 632 454 appareat,
655 404 822 442 alterum
851 402 970 441 nimis
999 402 1249 451 dissolutum,
1272 410 1315 442 ut
1339 410 1594 454 pervagatum

252 481 299 507 ac
329 470 487 519 vulgare
517 468 698 507 videatur
711 483 722 518 3
758 475 803 507 ut
833 468 883 508 ab
917 464 1041 507 altero
1074 481 1156 507 non
1188 469 1395 517 delectere,
1426 469 1593 508 alterum

172 538 233 582 196
253 533 437 573 oderis—
452 548 462 583 3
501 533 550 573 sit
582 533 709 584 igitur,
740 541 784 573 ut
813 547 931 584 supra
968 533 1060 581 dixi,
1091 532 1284 584 permixta
1311 540 1351 573 et
1378 540 1596 584 temperata
1613 544 1632 576 5

252 599 426 639 numeris
453 613 528 639 nec
555 599 749 639 dissoluta
775 613 850 639 nec
877 607 962 639 tota
986 612 1209 648 numerosa,
1235 612 1387 650 paeane
1410 599 1592 648 maxime,

253 665 444 715 quoniam
474 665 649 716 optimus
678 672 816 704 auctor
845 664 898 704 ita
927 672 1074 713 censet,
1097 666 1168 704 sed
1196 664 1356 716 reliquis
1383 664 1501 704 etiam
1525 679 1596 705 nu-

252 730 380 779 meris,
404 744 505 782 quos
525 731 590 770 ille
609 730 805 782 praeterit,
827 738 1058 781 temperata.

181 790 233 839 58
308 797 421 846 Quos
454 804 587 836 autem
621 810 808 836 numeros
842 810 934 835 cum
964 796 1109 846 quibus
1140 802 1345 847 tamquam
1378 809 1592 847 purpuram

253 862 409 901 misceri
442 869 623 913 oporteat
656 876 764 902 nunc
797 861 1014 901 dicendum
1047 869 1107 901 est
1139 869 1260 912 atque
1293 861 1413 901 etiam
1446 861 1591 913 quibus
1613 869 1654 892 10

252 927 440 967 orationis
460 928 670 979 generibus
690 927 768 967 sint
788 927 937 979 quique
956 927 1373 967 accommodatissimi.
1428 928 1592 967 Iambus

252 992 359 1032 enim
380 993 721 1044 frequentissimus
751 1001 810 1033 est
838 993 879 1032 in
900 993 955 1032 eis
985 1007 1088 1044 quae
1117 993 1292 1033 demisso
1311 1000 1432 1044 atque
1451 993 1592 1033 humili

172 1074 230 1110 197
252 1072 435 1098 sermone
455 1059 642 1098 dicuntur
658 1074 668 1108 3
700 1073 829 1110 paean
854 1066 988 1098 autem
1009 1058 1049 1098 in
1069 1058 1338 1110 amplioribus,
1361 1058 1402 1097 in
1422 1066 1592 1110 utroque

251 1125 442 1174 dactylus.
503 1126 645 1176 Itaque
664 1124 705 1163 in
725 1124 832 1164 varia
850 1131 890 1164 et
909 1132 1099 1176 perpetua
1119 1124 1297 1164 oratione
1317 1124 1358 1163 hi
1378 1131 1470 1164 sunt
1489 1123 1594 1164 inter

251 1203 293 1229 se
331 1189 526 1229 miscendi
564 1197 603 1230 et
641 1189 899 1241 temperandi.
960 1190 1024 1230 Sic
1058 1190 1222 1230 minime
1255 1189 1590 1230 animadvertetur
1610 1199 1656 1234 15v

250 1255 526 1294 delectationis
554 1255 770 1306 aucupium
799 1263 839 1295 et
867 1257 1124 1307 quadrandae
1153 1255 1341 1295 orationis
1371 1255 1591 1305 industria3

251 1334 353 1371 quae
373 1321 511 1361 latebit
536 1335 585 1361 eo
615 1321 749 1372 magis,
773 1321 805 1361 si
831 1329 870 1361 et
892 1322 1104 1361 verborum
1130 1329 1170 1361 et
1190 1321 1475 1361 sententiarum
1494 1334 1593 1372 pon-

250 1386 411 1426 deribus
440 1394 607 1426 utemur.
667 1389 773 1426 Nam
804 1387 872 1438 qui
905 1386 1074 1426 audiunt
1107 1388 1207 1426 haec
1236 1387 1318 1426 duo
1346 1386 1594 1426 animadver-

250 1458 339 1491 tunt
359 1459 398 1491 et
417 1451 592 1491 iucunda
611 1452 686 1491 sibi
706 1459 885 1502 censent,
903 1453 1024 1492 verba
1043 1452 1136 1492 dico
1155 1459 1194 1492 et
1215 1451 1440 1500 sententias,
1463 1465 1591 1503 eaque

1688 338 1696 457 nm...

1687 1489 1696 1498 ι
1686 1358 1696 1478 ..rh—mmm
1680 583 1696 1351 QQ,A-ffl1mfflm-Qmffl
1692 555 1696 570 ..
1690 502 1696 542 ....

250 1519 347 1556 dum
367 1517 509 1557 animis
533 1517 693 1557 attentis
717 1517 959 1557 admirantes
983 1517 1195 1568 excipiunt,
1217 1517 1316 1568 fugit
1335 1530 1404 1557 eos
1424 1523 1463 1556 et
1482 1529 1591 1568 prae·
1610 1526 1663 1550 ²0>
1680 1502 1696 1585 J

250 1584 415 1622 tervolat
443 1596 632 1622 numerus
647 1598 658 1632 3
686 1583 755 1634 qui
787 1591 922 1623 tamen
952 1582 984 1622 si
1012 1583 1180 1632 abesset,
1212 1582 1278 1622 illa
1307 1582 1393 1634 ipsa
1420 1583 1591 1622 delecta·

169 1653 230 1695 198
248 1656 335 1688 rent
355 1648 497 1688 minus.
558 1650 645 1688 Nec
664 1662 757 1688 vero
777 1648 809 1687 is
836 1661 972 1688 cursus
1002 1655 1061 1687 est
1086 1661 1389 1687 numerorum—
1400 1647 1589 1688 orationis

248 1715 351 1763 dico,
375 1729 468 1754 nam
495 1722 554 1754 est
579 1716 698 1766 longe
726 1714 838 1754 aliter
866 1714 906 1753 in
935 1714 1179 1762 versibus—,
1201 1713 1299 1752 nihil
1323 1720 1366 1753 ut
1389 1714 1457 1752 fiat
1483 1720 1590 1752 extra

249 1782 416 1820 modum
433 1795 443 1829 3
491 1794 584 1819 nam
622 1779 663 1819 id
702 1779 866 1830 quidem
904 1786 1008 1819 esset
1041 1793 1211 1831 poema3
1251 1780 1323 1818 sed
1353 1778 1482 1819 omnis
1513 1791 1588 1818 nec

1683 1603 1696 1806 l

248 1845 477 1885 claudicans
501 1859 576 1884 nec
602 1845 715 1896 quasi
744 1847 940 1885 fluctuans
970 1845 1040 1884 sed
1069 1843 1329 1895 aequabiliter
1347 1850 1588 1883 constanter·
1607 1850 1646 1883 25
1688 1839 1696 1853 ¹

249 1925 327 1962 que
364 1910 589 1963 ingrediens
627 1924 840 1950 numerosa
876 1911 1045 1950 habetur
1089 1908 1225 1949 oratio.
1295 1911 1429 1960 Atque
1467 1908 1509 1948 id
1546 1908 1588 1948 in

248 1977 423 2017 dicendo
458 1990 715 2015 numerosum
752 1983 924 2028 putatur,
956 1989 1039 2015 non
1077 1976 1188 2026 quod
1218 1981 1347 2014 totum
1382 1981 1538 2014 constat
1565 1987 1588 2014 e

248 2041 434 2089 numeris,
457 2043 527 2081 sed
549 2044 658 2092 quod
678 2042 730 2081 ad
750 2055 937 2081 numeros
956 2040 1134 2092 proxime
1153 2039 1309 2080 accedit
1326 2054 1338 2089 3
1367 2053 1449 2091 quo
1468 2039 1588 2079 etiam

248 2107 445 2147 difficilius
475 2114 534 2146 est
558 2106 736 2147 oratione
765 2107 823 2146 uti
843 2120 963 2158 quam
982 2105 1172 2154 versibus,
1195 2106 1305 2156 quod
1325 2104 1366 2144 in
1386 2104 1462 2144 illis
1482 2111 1590 2144 certa

249 2174 447 2224 quaedam
477 2179 516 2212 et
549 2172 714 2212 definita
746 2174 809 2212 lex
839 2179 909 2222 est,
941 2185 1062 2223 quam
1091 2170 1205 2223 sequi
1234 2170 1283 2210 sit
1316 2183 1479 2210 necesse
1494 2184 1505 2220 3
1547 2169 1589 2210 in
1609 2176 1651 2208 30
1694 2209 1695 2212 ,

293 2288 312 2308 2
337 2278 485 2309 vinctum
502 2277 537 2308 F
546 2289 554 2309 z
578 2278 728 2309 iunctum
744 2277 809 2309 ΡΟ
930 2286 950 2317 5
974 2277 1146 2318 permixta
1161 2300 1170 2309 .
1189 2300 1197 2309 .
1218 2300 1225 2308 .
1239 2275 1393 2307 numeris
1408 2275 1477 2307 secl.
1500 2274 1592 2306 Bake

248 2322 269 2351 6
292 2332 476 2352 numerosa
492 2321 600 2352 oratio
618 2321 740 2352 maluit
753 2320 943 2362 Heerdegen
1165 2330 1204 2351 12
1227 2319 1277 2351 eis
1294 2319 1466 2359 Rufinus:
1489 2318 1543 2350 his
1559 2317 1589 2349 L

251 2375 290 2403 14
315 2366 430 2404 itaque
447 2364 598 2404 Rufinus
614 2376 621 2397 :
646 2365 692 2396 ita
708 2363 739 2395 L
866 2376 904 2405 19
927 2369 1071 2396 censent
1087 2362 1117 2394 L
1135 2375 1142 2395 ε
1166 2363 1321 2395 sentiunt
1336 2362 1427 2394 Bake
1546 2372 1586 2394 21

249 2408 458 2440 delectarent
474 2409 596 2440 minus.
647 2419 709 2440 nec
725 2419 809 2440 vero
829 2408 1018 2450 Heerdegen
1035 2419 1043 2440 :
1067 2408 1277 2439 delectarent
1293 2416 1357 2438 nec
1373 2416 1455 2438 vero
1475 2406 1590 2437 minus

246 2451 276 2484 L
451 2461 493 2493 25
517 2453 578 2483 sed
595 2451 708 2485 Bake:
733 2457 768 2484 et
783 2451 814 2484 L
940 2451 1165 2494 aequabiliter
1181 2451 1307 2484 Schit'tz
1323 2462 1330 2484 :
1353 2449 1542 2493 aequaliter
1557 2449 1589 2483 L
