1630 2730
688 188 907 226 BRVTVS
1409 198 1460 236 32
1483 203 1495 225 ι
1505 204 1542 236 ²,2

133 309 204 348 pro
232 298 312 336 Ser.
344 296 483 336 Fulvio
511 298 562 337 de
591 296 743 336 incestu
773 297 918 336 nobilis
941 297 1077 337 oratio.
1136 297 1265 336 Nobis
1295 297 1456 348 quidem

128 360 258 412 pueris
305 362 403 401 haec
449 361 628 401 omnium
675 361 826 413 optima
872 363 1093 413 putabatur,
1134 376 1237 413 quae
1274 362 1337 401 vix
1379 362 1456 401 iam

130 434 332 476 comparet
365 426 405 465 in
439 427 514 466 hac
545 427 660 466 turba
698 441 890 466 novorum
922 427 1181 466 voluminum.
1242 429 1458 475 Praeclare,
1481 439 1542 471 123

131 490 259 541 inquit
281 493 437 539 Brutus,
459 499 577 531 teneo
597 491 664 542 qui
691 492 806 531 istam
826 493 985 532 turbam
1005 492 1252 532 voluminum
1273 493 1455 532 effecerit.

89 565 108 597 5
133 557 184 594 Et
204 569 278 606 ego
299 554 496 609 [inquam]
515 572 522 595 z
553 558 758 608 Intellego,
775 559 907 605 Brute,
923 571 1042 608 quem
1063 558 1173 597 dicas
1188 572 1198 605 3
1227 565 1332 597 certe
1351 558 1455 597 enim

126 628 166 660 et
194 621 290 660 boni
318 621 468 672 aliquid
501 621 716 661 adtulimus
749 621 952 670 iuventuti,
987 622 1303 673 magnificentius
1336 636 1455 673 quam

126 687 251 726 suerat
281 700 405 736 genus
439 686 599 726 dicendi
633 694 671 726 et
713 687 887 726 ornatius
905 702 915 735 3
954 695 994 727 et
1032 686 1242 727 nocuimus
1280 689 1454 734 fortasse,

128 752 238 801 quod
266 759 417 791 veteres
446 751 643 791 orationes
670 760 760 803 post
786 760 953 801 nostras,
982 766 1064 792 non
1093 766 1116 791 a
1140 766 1204 791 me
1237 752 1457 803 quidem*-

126 815 225 854 meis
262 815 368 855 enim
413 816 497 855 illas
538 825 805 868 antepono——‚
847 819 917 857 sed
954 831 978 857 a
1015 817 1212 868 plerisque
1251 817 1326 868 legi
1364 826 1455 856 sunt

66 892 105 917 ιο
125 880 286 920 desitae.
357 883 427 920 Me
466 895 640 930 numera,
681 882 820 933 inquit,
860 883 900 921 in
947 882 1144 933 plerisque
1163 897 1173 930 ;
1212 896 1452 933 quamquam

125 945 243 985 video
282 946 378 985 mihi
417 948 540 986 multa
584 949 750 998 legenda
792 947 870 986 iam
910 955 947 986 te
985 955 1156 994 auctore,
1198 961 1300 998 quae
1337 956 1453 986 antea

121 1012 440 1050 contemnebam.
498 1012 620 1062 Atqui
660 1014 768 1059 haec,
810 1012 985 1063 inquam,
1026 1014 1076 1052 de
1108 1012 1260 1052 incestu
1295 1014 1453 1052 laudata
1475 1029 1538 1062 124

126 1075 251 1114 oratio
271 1076 431 1126 puerilis
451 1084 510 1115 est
537 1077 633 1116 locis
657 1077 812 1116 multis:
843 1079 894 1116 de
923 1091 1069 1125 amore,
1091 1079 1142 1117 de
1162 1077 1378 1125 tormentis,
1402 1079 1452 1117 de

124 1153 279 1180 rumore
308 1141 385 1180 loci
414 1155 508 1180 sane
538 1141 684 1188 inanes,
716 1156 851 1181 verum
879 1143 1011 1182 tamen
1042 1144 1222 1181 nondum
1258 1142 1356 1181 tritis
1386 1157 1452 1181 no-

62 1218 99 1251 ¹5
119 1213 288 1245 strorum
316 1207 525 1246 hominum
554 1207 714 1246 auribus
743 1222 817 1247 nec
846 1207 1000 1247 erudita
1028 1207 1186 1247 civitate
1215 1208 1448 1247 tolerabiles

118 1270 279 1321 Scripsit
312 1271 430 1311 etiam
459 1272 536 1311 alia
565 1286 645 1311 non
681 1274 788 1311 nulla
817 1280 854 1312 et
882 1274 1006 1311 multa
1032 1273 1129 1312 dixit
1155 1280 1194 1312 et
1220 1273 1382 1311 illustria
1412 1282 1450 1312 et

119 1335 159 1374 in
197 1349 363 1376 numero
401 1344 656 1388 patronorum
691 1337 776 1386 fuit,
810 1345 853 1377 ut
886 1352 978 1377 eum
1010 1337 1135 1384 mirer,
1177 1351 1268 1377 cum
1300 1345 1339 1377 et
1373 1338 1451 1378 vita

118 1401 448 1452 suppeditavisset
474 1410 514 1441 et
542 1404 731 1453 splendor
759 1403 795 1442 ei
817 1416 897 1442 non
918 1402 1118 1451 defuisset,
1141 1404 1346 1442 consulem
1368 1417 1448 1442 non

118 1466 248 1505 fuisse.
307 1468 387 1506 Sed
407 1481 501 1506 ecce
522 1467 561 1506 in
583 1468 767 1507 manibus
787 1468 844 1506 vir
870 1476 909 1507 et
933 1467 1270 1519 praestantissimo
1291 1468 1450 1519 ingenio

21 1541 27 1548 ·
57 1545 99 1568 ιο
120 1539 159 1571 et
187 1532 364 1582 flagranti
393 1532 526 1571 studio
555 1540 594 1572 et
623 1533 766 1572 doctus
796 1547 819 1572 a
851 1546 974 1584 puero
1001 1534 1046 1573 C.
1079 1534 1294 1572 Gracchus.
1355 1534 1448 1572 Noli

116 1597 223 1636 enim
243 1587 380 1647 putare
400 1611 653 1648 quemquam,
679 1600 810 1646 Brute,
833 1598 1050 1649 pleniorem
1071 1606 1139 1637 aut
1159 1598 1380 1638 uberiorem
1397 1601 1447 1638 ad

118 1661 334 1701 dicendum
373 1662 503 1701 fuisse.
563 1664 614 1701 Et
653 1662 744 1702 ille:
786 1663 851 1703 Sic
890 1677 1057 1714 prorsus,
1095 1663 1237 1713 inquit,
1267 1663 1448 1702 existimo

114 1735 235 1777 atque
273 1726 391 1765 istum
430 1728 480 1766 de
519 1727 785 1778 superioribus
824 1741 950 1779 paene
989 1729 1117 1767 solum
1156 1730 1255 1778 lego.
1316 1730 1447 1768 Immo

115 1793 243 1842 plane,
265 1792 440 1842 inquam,
465 1794 596 1840 Brute,
628 1794 733 1843 legas
763 1806 919 1832 censeo.
981 1795 1184 1831 Damnum
1209 1793 1314 1832 enim
1345 1793 1447 1832 illius

55 1867 95 1901 25
117 1857 328 1896 immaturo
350 1857 508 1896 interitu
530 1871 590 1897 res
608 1859 816 1898 Romanae
834 1858 1078 1908 Latinaeque
1094 1858 1244 1897 litterae
1257 1859 1444 1898 fecerunt.

115 1922 277 1961 Vtinam
309 1936 390 1961 non
425 1930 506 1961 tam
545 1922 650 1962 fratri
690 1923 877 1974 pietatem
912 1936 1031 1974 quam
1070 1923 1218 1974 patriae
1250 1932 1446 1974 praestare
1466 1930 1530 1965 126

114 1987 328 2027 voluisset!
362 1989 495 2036 Quam
525 1987 590 2027 ille
619 1988 733 2027 facile
757 1988 825 2027 tali
855 1987 1027 2039 ingenio,
1047 1988 1196 2028 diutius
1223 1988 1255 2028 si
1277 1988 1445 2038 vixisset,

112 2054 174 2092 vel
187 2060 390 2103 paternam
404 2060 507 2092 esset
515 2054 576 2092 vel
592 2052 735 2092 avitam
750 2053 912 2103 gloriam
922 2056 1179 2093 consecutus!
1205 2055 1444 2104 Eloquentia

112 2116 275 2168 quidem
295 2117 431 2156 nescio
457 2131 509 2156 an
534 2117 738 2157 habuisset
763 2131 897 2168 parem
923 2117 1135 2157 neminem.
1195 2118 1366 2158 Grandis
1385 2127 1444 2158 est

52 2194 95 2227 30
111 2182 251 2231 verbis,
273 2182 429 2234 sapiens
450 2182 665 2231 sententiis,
680 2196 824 2233 genere
840 2190 924 2221 toto
939 2182 1075 2233 gravis.
1109 2184 1255 2222 Manus
1271 2191 1443 2223 extrema

1468 1448 1520 1488 33

1473 1511 1532 1543 ¹²5

155 2297 175 2318 2
191 2287 372 2327 putabatur
385 2286 484 2319 F022
505 2287 712 2327 putabantur
725 2286 753 2318 C
838 2296 858 2326 5
877 2286 1011 2326 inquam
1025 2286 1188 2327 intellego
1201 2286 1250 2319 L:
1267 2288 1439 2328 intellego.

111 2330 247 2370 inquam
264 2330 410 2362 Schiae‘tz:
437 2331 573 2370 inquam
591 2330 658 2362 secl.
678 2329 839 2361 Frtedrich
977 2340 1017 2361 10
1040 2340 1094 2361 me
1111 2341 1249 2362 numera
1269 2330 1442 2363 Weidner:

112 2373 316 2405 enumeraL
333 2385 341 2405 ε
365 2384 505 2405 numera
521 2398 528 2405 .
544 2398 570 2406 ..
586 2384 639 2405 me
652 2374 786 2405 Ernesti
875 2374 913 2404 16
930 2378 964 2404 et
982 2373 1124 2406 illustria
1141 2381 1176 2405 et
1187 2374 1297 2415 vulg.:
1321 2375 1439 2406 illustri

111 2422 147 2449 et
158 2418 191 2449 in
204 2417 232 2449 L
247 2429 254 2449 :
280 2422 313 2448 et
329 2417 449 2449 illustri
465 2418 497 2448 in
511 2427 651 2450 numero
662 2417 917 2459 [patronorum]
933 2416 1068 2448 Martha
1161 2427 1199 2458 17
1223 2418 1254 2450 ei
1267 2418 1335 2449 vita
1344 2418 1440 2457 Jalm

1312 2469 1353 2500 3*
