1630 2730
700 146 920 185 BRVTVS
1125 150 1131 153 ’
1423 153 1477 193 54
1499 159 1560 192 199

146 257 342 309 optimum
369 257 420 298 sit
441 257 643 309 intellegit.
701 259 808 298 Nam
836 258 935 298 illud
963 258 1073 308 quod
1099 258 1250 308 populo
1279 270 1361 296 non
1390 270 1476 308 pro·

145 324 260 363 batur
288 337 340 363 ne
367 323 611 374 intellegenti
639 323 803 374 quidem
835 322 1006 362 auditori
1033 322 1191 374 probari
1221 319 1362 373 potest.
1421 324 1475 360 Vt

144 387 249 428 enim
274 401 322 427 ex
349 401 559 427 nervorum
587 401 688 427 sono
716 387 758 426 in
787 387 933 427 fidibus
962 400 1083 438 quam
1111 386 1280 426 scienter
1308 386 1344 426 ei
1372 386 1475 438 pulsi

144 452 223 493 sint
249 452 424 504 intellegi
454 454 580 492 solet:
620 452 676 492 sic
705 466 752 492 ex
779 452 1003 492 animorum
1034 460 1145 492 motu
1178 451 1350 491 cernitur
1377 452 1475 503 quid

107 537 126 569 5
144 518 358 558 tractandis
387 517 447 558 his
477 517 654 569 perficiat
683 525 823 557 orator.
883 520 1025 569 Itaque
1053 517 1284 568 intellegens
1313 516 1475 556 dicendi
1496 534 1558 557 200

144 580 398 629 existimator,
437 594 520 619 non
556 580 744 620 adsidens
782 588 821 620 et
857 582 1020 620 adtente
1065 579 1243 628 audiens,
1284 580 1355 619 sed
1393 593 1474 619 uno

143 653 306 697 aspectu
343 653 383 685 et
418 645 657 697 praeteriens
695 646 747 684 de
783 652 938 690 oratore
975 658 1093 696 saepe
1130 644 1289 685 iudicat.
1353 644 1476 684 Videt

144 709 377 750 oscitantem
406 709 594 759 iudicem,
612 711 843 760 loquentem
869 723 962 749 cum
986 711 1121 758 altero,
1143 723 1226 749 non
1254 723 1474 760 numquam

144 774 264 814 etiam
292 773 559 823 circulantem,
582 773 804 814 mittentem
832 775 884 813 ad
913 776 1041 823 horas,
1063 774 1327 825 quaesitorem
1351 783 1394 813 ut
1420 774 1476 814 di·

9 830 36 894 33
86 861 128 884 ιο
145 839 275 878 mittat
293 846 497 890 rogantem
513 854 520 879 z
549 839 740 891 intellegit
754 847 949 879 oratorem
969 839 1010 878 in
1026 853 1072 879 ea
1087 853 1205 879 causa
1220 853 1302 879 non
1321 841 1471 887 adesse,

144 904 214 956 qui
243 904 368 956 possit
396 903 539 944 animis
569 904 747 944 iudicum
777 906 990 944 admovere
1018 905 1237 945 orationem
1270 913 1474 956 tamquam

143 969 290 1010 fidibus
313 983 486 1009 manum.
546 971 662 1009 Idem
691 969 724 1008 si
751 970 989 1021 praeteriens
1017 970 1211 1022 aspexerit
1239 978 1390 1010 erectos
1419 971 1475 1010 in-

143 1035 290 1075 tuentis
309 1035 472 1083 iudices,
486 1043 530 1074 ut
548 1043 616 1074 aut
632 1035 766 1075 doceri
781 1037 833 1075 de
848 1049 888 1075 re
904 1035 1026 1086 idque
1041 1035 1159 1075 etiam
1175 1038 1286 1075 vultu
1306 1037 1474 1087 probare

143 1099 361 1147 videantur,
381 1107 450 1139 aut
469 1108 511 1139 ut
530 1113 644 1139 avem
664 1108 783 1139 cantu
802 1100 936 1151 aliquo
956 1100 1012 1140 sic
1031 1100 1118 1140 illos
1138 1101 1278 1141 viderit
1297 1101 1474 1141 oratione

87 1187 125 1219 15
144 1165 256 1216 quasi
275 1178 488 1216 suspensos
507 1165 632 1205 teneri
650 1173 732 1214 aut,
743 1165 785 1205 id
805 1168 915 1217 quod
935 1166 1104 1206 maxime
1124 1181 1224 1219 opus
1244 1175 1313 1215 est,
1330 1167 1476 1207 miseri-

143 1230 279 1270 cordia
292 1230 387 1270 odio
403 1238 514 1270 motu
529 1230 652 1270 animi
665 1231 799 1282 aliquo
814 1232 1061 1282 perturbatos
1076 1246 1162 1272 esse
1176 1232 1451 1272 vehementius
1468 1248 1475 1271 :

144 1309 191 1335 ea
209 1295 242 1335 si
261 1295 513 1347 praeteriens,
532 1303 576 1335 ut
598 1295 692 1345 dixi,
710 1296 914 1348 aspexerit,
937 1296 967 1335 si
994 1297 1092 1335 nihil
1114 1297 1318 1345 audiverit,
1340 1305 1474 1337 tamen

144 1368 338 1400 oratorem
364 1361 507 1400 versari
533 1361 573 1400 in
599 1361 667 1401 illo
693 1361 840 1401 iudicio
867 1370 906 1401 et
932 1376 1033 1414 opus
1056 1362 1269 1402 oratorium
1296 1363 1379 1402 fieri
1407 1371 1475 1402 aut

146 1427 363 1478 perfectum
383 1426 462 1466 iam
482 1440 568 1466 esse
587 1428 766 1477 profecto
786 1426 996 1478 intelleget.

88 1512 130 1535 20
201 1492 305 1532 Cum
338 1493 437 1531 haec
470 1491 752 1540 disseruissem,
788 1500 953 1543 uterque
985 1493 1178 1532 adsensus
1211 1501 1294 1542 est‚·
1333 1500 1372 1532 et
1401 1506 1475 1544 ego

26 1547 45 1554 '¹
146 1564 349 1608 tamquam
387 1558 438 1596 de
475 1556 627 1608 integro
657 1557 838 1597 ordiens:
880 1558 1055 1607 Quando
1087 1557 1213 1609 igitur,
1246 1558 1420 1610 inquam,
1452 1573 1476 1598 a

146 1623 267 1663 Cotta
285 1630 324 1661 et
343 1621 518 1673 Sulpicio
538 1623 637 1661 haec
662 1622 792 1665 omnis
818 1622 929 1661 fluxit
948 1623 1086 1673 oratio,
1099 1637 1190 1662 cum
1211 1625 1284 1663 hos
1305 1624 1475 1663 maxime

146 1687 293 1726 iudicio
313 1687 469 1726 illorum
489 1687 698 1726 hominum
718 1696 757 1726 et
776 1687 879 1726 illius
898 1688 1037 1727 aetatis
1063 1688 1250 1728 dixissem
1273 1690 1472 1739 probatos,

28 1796 35 1802 .
145 1760 315 1792 revertar
346 1753 398 1791 ad
429 1765 497 1791 eos
528 1751 659 1803 ipsos3
693 1760 777 1791 tum
806 1752 990 1803 reliquos,
1021 1761 1064 1792 ut
1092 1753 1253 1802 institui,
1285 1754 1475 1806 deinceps

16 1807 34 1870 ᾖ·
89 1839 127 1872 ²5
145 1831 367 1869 persequar.
427 1817 629 1867 Quoniam
663 1831 756 1868 ergo
785 1825 983 1857 oratorum
1013 1819 1339 1860 bonorum—hos
1368 1820 1474 1859 enim

145 1883 508 1934 quaerimus—duo
539 1896 683 1934 genera
715 1890 817 1930 sunt,
850 1897 974 1922 unum
1011 1892 1213 1924 attenuate
1249 1899 1472 1937 presseque,

144 1950 310 1988 alterum
348 1949 501 1988 sublate
533 1949 745 1999 ampleque
778 1948 995 1988 dicentium
1010 1964 1021 1998 ;
1063 1949 1136 1989 etsi
1168 1949 1210 1989 id
1243 1950 1383 1992 melius
1417 1960 1476 1990 est

146 2014 254 2064 quod
283 2013 530 2064 splendidius
559 2021 598 2052 et
625 2012 950 2064 magnificentius,
973 2021 1106 2054 tamen
1132 2014 1172 2053 in
1200 2015 1315 2055 bonis
1341 2016 1476 2056 omnia

145 2091 247 2129 quae
273 2092 428 2118 summa
457 2086 548 2117 sunt
568 2078 650 2117 iure
671 2079 889 2117 laudantur.
948 2080 1028 2119 Sed
1053 2081 1230 2120 cavenda
1256 2089 1315 2120 est
1340 2095 1476 2132 presso
1497 2107 1556 2128 202

30 2162 31 2166 =
49 2147 51 2150 ⁴
87 2162 129 2194 30
144 2143 200 2183 illi
219 2143 362 2184 oratori
382 2143 517 2195 inopia
536 2151 575 2183 et
598 2143 790 2191 ieiunitas,
812 2145 947 2195 amplo
966 2152 1099 2185 autem
1126 2145 1307 2185 inflatum
1333 2154 1373 2186 et
1395 2160 1477 2187 cor-

1493 1468 1543 1508 55

1496 1530 1554 1552 201

189 2257 210 2278 2
232 2248 379 2280 auditori
395 2249 464 2280 secl.
482 2248 612 2289 Kayser
710 2258 749 2279 10
771 2252 941 2280 oratorem
957 2249 1026 2282 secl.
1051 2248 1197 2282 Weidner
1306 2261 1343 2291 13
1367 2256 1403 2283 ut
1418 2257 1476 2284 aut

146 2290 190 2323 L:
211 2298 269 2324 aut
284 2293 353 2324 secl.
372 2291 508 2324 Martha
627 2302 679 2330 22,
696 2302 739 2332 23
755 2293 900 2323 maxime
916 2304 992 2324 cum
1011 2304 1083 2325 meo
1097 2294 1220 2326 iudicio
1237 2299 1307 2326 tum
1323 2297 1474 2328 omnium

146 2335 236 2368 illius
261 2337 384 2368 aetatis
412 2336 602 2368 Eberhard:
639 2337 786 2367 maxime
810 2336 933 2367 iudicio
964 2337 1095 2368 illorum
1129 2339 1280 2370 omnium
1305 2339 1356 2381 [et
1385 2340 1475 2372 illius

142 2379 283 2462 fulciatis]
299 2379 437 2412 Martha
452 2392 460 2413 z
481 2381 627 2412 maxime
644 2384 672 2411 ct
687 2390 759 2411 mco
774 2384 808 2411 et
823 2380 974 2411 omnium
991 2386 1025 2412 et
1042 2381 1131 2414 illius
1146 2383 1268 2415 aetatis
1283 2384 1477 2415 oratoribus

169 2433 189 2453 a
214 2434 236 2454 n
