1696 2730
676 163 914 204 ORATOR
1412 172 1467 213 70

132 272 351 312 dissoluta?
418 275 501 312 Aut
538 273 571 313 si
606 273 772 314 alicuius
808 273 1003 314 inconditi
1038 272 1198 325 arripias
1236 273 1466 324 dissipatam

131 338 304 388 aliquam
341 339 578 378 sententiam
615 353 784 390 eamque
826 339 982 379 ordine·
1008 340 1218 379 verborum
1262 340 1466 389 paululum

131 410 377 442 commutato
396 403 436 442 in
456 405 652 454 quadrum
672 404 836 455 redigas,
857 404 1047 444 efficiatur
1064 411 1202 455 aptum
1225 403 1333 452 illud,
1357 406 1467 454 quod

131 467 246 506 fuerit
273 475 390 507 antea
422 468 604 508 diffluens
634 482 682 508 ac
711 471 896 508 solutum.
954 471 1040 520 Age
1069 482 1181 508 sume
1214 470 1265 508 de
1297 469 1467 508 Gracchi

93 547 111 578 5
130 534 238 584 apud
275 547 458 573 censores
496 534 620 575 illud:
667 535 821 574 Abesse
858 549 941 574 non
978 541 1109 585 potest
1146 533 1243 585 quin
1287 533 1466 573 eiusdem

131 598 304 638 hominis
323 599 372 638 sit
391 599 538 650 probos
557 599 781 651 improbare
800 599 868 651 qui
893 600 1097 651 improbos
1123 600 1264 650 probet
1278 614 1288 648 3
1317 607 1467 650 quanto

129 663 271 715 aptius,
292 664 324 703 si
357 664 410 703 ita
440 665 624 705 dixisset:
668 665 778 716 Quin
809 665 989 705 eiusdem
1019 665 1192 705 hominis
1221 665 1271 704 sit
1300 665 1368 716 qui
1398 665 1468 703 im-

130 729 277 781 probos
295 730 436 781 probet
456 731 602 782 probos
628 731 878 782 improbare!
919 733 1014 770 Hoc
1041 733 1164 770 modo
1189 731 1321 770 dicere
1347 744 1467 770 nemo

130 807 321 845 umquam
356 795 482 834 noluit
514 809 714 847 nemoque
745 796 875 846 potuit
907 796 1003 847 quin
1034 795 1198 845 dixerit;
1237 795 1305 847 qui
1333 803 1465 835 autem

74 875 113 898 ιο
129 859 241 898 aliter
260 859 452 908 dixerunt,
474 861 552 900 hoc
579 860 746 912 adsequi
773 875 855 900 non
883 868 1107 912 potuerunt.
1167 863 1230 900 Ita
1257 860 1350 900 facti
1376 868 1467 900 sunt

129 933 291 975 repente
320 925 442 965 Attici
454 940 466 975 3
498 926 611 976 quasi
636 940 729 965 vero
757 926 978 966 Trallianus
1004 926 1120 966 fuerit
1146 927 1467 966 Demosthenes!

129 989 241 1029 cuius
262 1003 343 1029 non
369 998 451 1029 tam
475 991 673 1030 vibrarent
700 991 866 1031 fulmina
888 991 964 1040 illa,
987 991 1062 1031 nisi
1087 992 1261 1031 numeris
1287 999 1469 1031 contorta

129 1055 330 1093 ferrentur.
389 1056 467 1094 Sed
499 1055 531 1094 si
564 1069 683 1106 quem
722 1056 845 1107 magis
875 1057 1076 1095 delectant
1112 1058 1254 1105 soluta,
1283 1063 1469 1106 sequatur

130 1132 177 1158 ea
205 1133 310 1167 sane,
338 1121 462 1159 modo
490 1120 546 1160 sic
574 1128 628 1169 ut,
659 1120 692 1160 si
720 1121 808 1172 quis
838 1121 1003 1160 Phidiae
1031 1121 1203 1172 clipeum
1233 1120 1465 1168 dissolverit,

72 1198 109 1230 15
130 1184 417 1224 conlocationis
446 1185 667 1225 universam
691 1185 865 1237 speciem
885 1186 1094 1234 sustulerit,
1115 1199 1197 1224 non
1224 1185 1467 1236 singulorum

130 1263 294 1301 operum
326 1258 597 1300 venustatem3
636 1258 679 1290 ut
709 1251 750 1290 in
787 1251 1026 1302 Thucydide
1054 1252 1193 1291 orbem
1227 1253 1349 1291 modo
1387 1265 1469 1290 ora-

129 1315 248 1355 tionis
286 1315 479 1364 desidero,
513 1324 746 1356 ornamenta
783 1325 1024 1368 comparent.
1095 1317 1167 1356 Isti
1203 1324 1337 1356 autem
1375 1330 1466 1355 cum

129 1380 351 1420 dissolvunt
370 1381 600 1429 orationem,
622 1381 662 1420 in
683 1396 762 1433 qua
782 1396 856 1421 nec
882 1396 942 1422 res
968 1396 1043 1421 nec
1066 1383 1231 1421 verbum
1257 1383 1382 1421 ullum
1409 1389 1468 1421 est

130 1445 205 1485 nisi
232 1446 444 1496 abiectum,
466 1461 548 1487 non
576 1447 759 1499 clipeum,
790 1449 872 1496 sed,
898 1456 942 1487 ut
970 1447 1010 1487 in
1041 1447 1249 1499 proverbio
1280 1447 1468 1487 est—etsi

73 1528 114 1550 20
131 1512 318 1552 humilius
348 1512 499 1552 dictum
533 1520 592 1553 est
631 1512 782 1566 [tamen
813 1513 940 1553 simile
973 1512 1116 1567 est]—,
1149 1527 1289 1564 scopas
1324 1511 1384 1566 [ut
1414 1513 1468 1552 ita

129 1575 278 1631 dicam]
313 1578 411 1616 mihi
440 1578 624 1617 videntur
660 1579 885 1618 dissolvere.
942 1581 1077 1630 Atque
1109 1586 1153 1618 ut
1190 1580 1307 1630 plane
1343 1591 1468 1628 genus

129 1641 218 1687 hoc,
241 1642 351 1690 quod
379 1654 452 1691 ego
482 1642 614 1688 laudo,
639 1641 926 1692 contempsisse
954 1641 1172 1689 videantur,
1200 1648 1268 1679 aut
1297 1640 1469 1679 scribant

128 1704 280 1755 aliquid
307 1706 369 1744 vel
400 1707 601 1744 Isocrateo
630 1719 739 1745 more
767 1708 829 1745 vel
859 1719 940 1757 quo
972 1706 1193 1745 Aeschines
1221 1713 1289 1744 aut
1324 1707 1470 1745 Demo-

130 1771 290 1809 sthenes
310 1769 440 1817 utitur‚
455 1777 540 1808 tum
556 1770 643 1808 illos
663 1770 896 1809 existimabo
911 1784 993 1810 non
1009 1769 1284 1822 desperatione
1299 1770 1471 1809 reformi-

71 1851 111 1884 ²5
130 1834 284 1874 davisse
303 1848 427 1886 genus
455 1836 543 1883 hoc,
565 1836 636 1874 sed
664 1835 812 1875 iudicio
838 1835 1025 1887 refugisse
1043 1851 1053 1885 3
1079 1843 1147 1875 aut
1173 1835 1364 1886 reperiam
1385 1835 1469 1887 ipse

129 1901 270 1939 eadem
291 1900 528 1940 condicione
548 1900 616 1952 qui
636 1900 693 1940 uti
712 1901 815 1949 velit,
837 1908 880 1940 ut
902 1908 970 1940 aut
995 1901 1102 1940 dicat
1123 1909 1191 1940 aut
1216 1900 1359 1940 scribat
1383 1908 1469 1940 utra

129 1967 238 2005 voles
271 1965 403 2016 lingua
434 1979 482 2005 eo
511 1979 654 2016 genere
687 1979 768 2016 quo
798 1965 853 2004 illi
883 1967 1046 2015 volunt3
1085 1965 1237 2005 facilius
1271 1973 1330 2005 est
1360 1965 1467 2005 enim

129 2038 222 2082 apta
251 2031 466 2070 dissolvere
494 2044 614 2082 quam
645 2031 834 2082 dissipata
864 2039 1082 2071 conectere.
1142 2033 1224 2070 Res
1258 2045 1299 2070 se
1332 2038 1465 2070 autem

173 2144 237 2174 2-3
261 2134 381 2166 ordine
408 2159 415 2166 .
441 2159 448 2166 .
474 2159 482 2167 .
509 2139 719 2166 commutato
746 2134 816 2166 secl.
838 2133 965 2166 Schiitz
1104 2144 1125 2173 4
1149 2134 1251 2165 fuerit
1274 2134 1328 2165 L:
1357 2134 1467 2166 fuerat

129 2176 320 2209 Lambinus
449 2189 471 2219 9
493 2179 619 2210 dixerit
635 2177 702 2209 AL
720 2190 727 2210 :
752 2178 910 2210 didicerit
927 2178 1055 2220 Stangl
1198 2188 1236 2217 13
1259 2178 1287 2209 si
1308 2178 1385 2217 quis
1405 2201 1436 2210 ..
1456 2202 1464 2211 .

128 2226 316 2262 sequantur
333 2222 363 2252 L
535 2233 575 2261 14
599 2222 646 2253 sic
664 2228 701 2253 ut
716 2221 749 2251 A
767 2233 774 2253 ε
798 2232 862 2254 om.
883 2222 910 2252 L
1092 2232 1136 2253 20
1158 2227 1271 2253 tamen
1289 2221 1397 2252 simile
1414 2227 1468 2253 est

129 2275 194 2298 om.
213 2265 246 2296 A
265 2269 294 2297 et
307 2265 438 2297 Nonius
536 2276 642 2297 20-21
669 2270 705 2296 ut
720 2266 767 2296 ita
785 2266 895 2296 dicam
911 2265 979 2297 secl.
998 2265 1131 2296 Ernesti
1231 2275 1269 2296 21
1297 2265 1466 2305 dissipare

128 2308 260 2340 Nonius
413 2320 455 2341 22
479 2310 568 2350 quod
586 2320 651 2349 ego
667 2310 769 2340 laudo
786 2319 853 2340 om.
873 2309 907 2340 A
1074 2318 1116 2348 25
1140 2309 1310 2349 reperiam
1326 2309 1400 2348 ipse
1416 2309 1466 2340 A:

130 2353 294 2393 reperiam
318 2353 389 2393 ipsa
406 2352 460 2385 L:
484 2353 656 2394 reperiant
679 2354 752 2394 ipsa
775 2352 861 2385 codd.
887 2353 960 2385 dett.
979 2364 987 2384 τ
1019 2353 1204 2395 reperiant,
1229 2353 1303 2393 ipse
1327 2351 1470 2394 Madvig

130 2406 171 2436 27
194 2396 285 2428 volet
300 2396 434 2428 Ernesti

1488 178 1550 210 233

1488 745 1550 778 234

1485 1060 1529 1100 71

1487 1327 1548 1360 235

1486 2037 1548 2078 236
