1696 2730
692 145 932 187 ORATOR
1432 156 1483 197 35
1504 163 1518 187 1
1526 163 1540 187 a
1548 163 1564 188 a

151 262 192 290 se
214 250 266 289 ad
285 249 548 298 discendum3
577 262 659 289 rem
685 249 856 289 breviter
878 263 1075 301 exponere
1103 257 1143 290 et
1170 250 1425 302 probabiliter
1444 259 1485 292 et

148 320 295 364 aperte,
318 321 361 353 ut
387 313 484 364 quid
512 321 649 365 agatur
676 313 850 364 intellegi
877 313 1002 365 possit
1015 329 1026 363 ;
1059 327 1130 354 sua
1152 316 1399 364 confirmare,
1418 317 1485 355 ad·

148 378 315 418 versaria
334 386 520 427 evertere,
540 392 667 430 eaque
686 380 840 419 efficere
863 393 946 418 non
971 380 1208 430 perturbate,
1231 381 1302 419 sed
1321 380 1483 431 singulis

148 443 555 494 argumentationibus
588 444 642 484 ita
674 444 973 493 concludendis,
1005 452 1048 484 ut
1077 444 1266 484 efficiatur
1296 447 1406 496 quod
1435 446 1485 486 sit

112 521 131 555 5
148 522 398 560 consequens
417 508 472 548 eis
492 523 595 560 quae
620 517 825 549 sumentur
849 511 902 549 ad
921 524 1122 561 quamque
1141 524 1223 550 rem
1250 512 1484 550 confirman-

148 574 269 623 dam3
307 581 398 625 post
434 574 569 614 omnia
605 574 854 626 peroratione
891 574 1206 615 inflammantem
1243 576 1485 627 restinguen-

148 646 278 679 temve
309 640 577 679 concludere?
634 642 721 679 Has
754 640 874 691 partis
908 654 1028 691 quem
1061 642 1113 680 ad
1147 642 1314 680 modum
1345 649 1485 681 tractet

148 703 320 754 singulas
357 704 517 744 difficile
554 704 664 745 dictu
702 712 761 745 est
798 706 876 745 hoc
912 707 1002 745 loco
1018 720 1030 755 3
1071 719 1146 746 nec
1184 705 1291 746 enim
1329 720 1485 758 semper

148 776 363 808 tractantur
382 783 463 809 uno
483 771 618 810 modo.
678 770 879 820 Quoniam
906 778 1040 810 autem
1067 784 1148 810 non
1169 785 1289 822 quem
1315 772 1484 811 doceam
1507 788 1566 821 123

91 848 132 872 10
149 847 310 885 quaero,
329 835 400 874 sed
426 848 546 886 quem
571 835 749 886 probem,
771 836 951 887 probabo
979 835 1150 887 primum
1180 850 1272 876 eum
1295 836 1364 887 qui
1387 837 1485 888 quid

148 901 289 939 deceat
321 900 471 940 viderit.
532 903 648 940 Haec
680 901 787 940 enim
826 901 1018 953 sapientia
1047 901 1218 942 maxime
1254 902 1485 942 adhibenda

147 964 350 1015 eloquenti
379 973 449 1013 est,
475 972 518 1005 ut
547 965 596 1005 sit
624 973 849 1017 temporum
877 981 1216 1018 personarumque
1246 969 1481 1007 moderator.

149 1031 255 1069 Nam
274 1043 350 1069 nec
369 1043 524 1082 semper
543 1044 618 1071 ηερ
637 1033 745 1082 apud
765 1031 894 1071 omnis
914 1046 989 1072 nec
1012 1040 1150 1072 contra
1168 1032 1298 1072 omnis
1318 1046 1392 1072 nec
1412 1045 1484 1083 pro

149 1094 336 1135 omnibus
362 1109 437 1135 nec
455 1109 538 1135 cum
558 1096 744 1136 omnibus
764 1098 908 1136 eodem
928 1098 1051 1137 modo
1070 1097 1287 1137 dicendum
1305 1097 1482 1138 arbitror.

93 1168 131 1202 15
150 1161 191 1199 Is
210 1159 282 1199 erit
301 1173 393 1210 ergo
413 1161 604 1211 eloquens
624 1161 693 1212 qui
718 1163 770 1201 ad
792 1161 833 1201 id
860 1163 1144 1213 quodcumque
1163 1162 1322 1202 decebit
1340 1162 1483 1214 poterit
1501 1157 1557 1204 36

148 1226 452 1265 accommodare
490 1226 721 1267 orationem.
799 1228 921 1277 Quod
958 1241 1051 1267 cum
1089 1227 1280 1277 statuerit,
1318 1235 1402 1266 tum
1440 1235 1484 1267 ut

149 1290 326 1341 quidque
363 1290 436 1330 erit
472 1290 689 1332 dicendum
727 1291 781 1332 ita
818 1292 934 1340 dicet,
966 1305 1042 1332 nec
1079 1299 1210 1332 satura
1245 1292 1376 1332 ieiune
1409 1306 1485 1332 nec

148 1355 312 1407 grandia
334 1355 486 1395 minute
512 1370 587 1396 nec
612 1356 707 1396 item
733 1365 880 1405 contra,
903 1358 975 1397 sed
1000 1357 1071 1397 erit
1096 1358 1213 1397 rebus
1233 1357 1327 1410 ipsis
1351 1371 1420 1416 par
1445 1365 1486 1398 et

149 1433 196 1460 ae
292 1419 324 1460 is
363 1420 499 1469 oratio.
558 1421 755 1473 Principia
791 1423 1025 1471 verecunda,
1061 1424 1242 1462 nondum
1280 1423 1391 1462 elatis
1429 1423 1486 1463 in-
1505 1439 1568 1473 1²4

94 1495 134 1519 ²0
149 1498 268 1526 censa
286 1486 427 1534 verbis,
448 1488 519 1526 sed
538 1494 653 1527 acuta
679 1487 884 1527 sententiis
903 1489 965 1527 vel
991 1489 1044 1528 ad
1070 1488 1331 1528 offensionem
1350 1490 1486 1528 adver-

149 1550 239 1590 sarii
266 1552 328 1590 vel
357 1552 408 1591 ad
437 1552 828 1592 commendationem
857 1552 927 1592 sui.
987 1553 1242 1593 Narrationes
1275 1553 1484 1594 credibiles

149 1629 223 1656 nec
243 1615 430 1655 historico
459 1618 530 1656 sed
559 1630 682 1668 prope
710 1617 913 1658 cotidiano
940 1632 1122 1658 sermone
1148 1619 1364 1670 explicatae
1387 1618 1486 1659 dilu-

150 1680 251 1720 cide.
310 1680 415 1720 Dein
446 1681 478 1720 si
509 1681 638 1721 tenuis
671 1695 791 1722 causa
820 1690 890 1731 est,
921 1690 1006 1722 tum
1034 1683 1154 1722 etiam
1182 1683 1486 1734 argumentandi

151 1753 271 1786 tenue
291 1746 401 1785 filum
428 1754 466 1786 et
492 1746 532 1785 in
561 1748 747 1786 docendo
776 1754 815 1786 et
843 1747 884 1786 in
912 1749 1139 1796 refellendo,
1162 1748 1283 1799 idque
1306 1748 1360 1788 ita
1379 1756 1485 1789 tene-

94 1829 135 1863 ²5
151 1810 270 1859 bitur,
293 1818 335 1849 ut
362 1818 509 1861 quanta
536 1812 588 1851 ad
617 1825 700 1851 rem
728 1819 837 1851 tanta
864 1813 916 1852 ad
945 1812 1165 1852 orationem
1198 1814 1266 1852 fiat
1295 1813 1482 1853 accessio.

152 1876 256 1916 Cum
283 1889 375 1915 vero
401 1889 520 1915 causa
543 1890 589 1916 ea
617 1876 799 1916 inciderit
826 1876 867 1916 in
896 1891 976 1929 qua
997 1877 1055 1918 vis
1083 1878 1334 1929 eloquentiae
1360 1879 1485 1929 possit
1505 1891 1567 1924 125

150 1940 337 1992 expromi,
369 1948 453 1981 tum
484 1954 526 1981 se
555 1941 669 1981 latius
698 1943 839 1982 fundet
867 1950 1007 1992 orator,
1037 1950 1122 1982 tum
1151 1951 1257 1994 reget
1285 1951 1324 1984 et
1353 1946 1485 1984 flectet

150 2005 304 2046 animos
333 2013 372 2045 et
401 2005 457 2046 sic
485 2007 645 2046 adficiet
671 2015 714 2047 ut
737 2009 853 2057 volet,
878 2008 920 2048 id
948 2016 1008 2049 est
1035 2015 1080 2048 ut
1107 2022 1250 2048 causae
1278 2017 1417 2050 natura
1445 2017 1485 2050 et

150 2070 249 2112 ratio
268 2071 456 2123 temporis
475 2072 702 2123 postulabit.

96 2151 136 2184 30
206 2137 286 2176 Sed
305 2136 378 2177 erit
400 2138 546 2188 duplex
574 2137 658 2177 eius
684 2137 814 2177 omnis
843 2145 1003 2178 ornatus
1031 2138 1096 2178 ille
1124 2139 1377 2188 admirabilis,
1399 2153 1484 2191 pro-

199 2243 215 2265 1
239 2235 282 2266 ad
301 2235 500 2266 discendum
517 2235 549 2265 A
567 2246 576 2267 ε
598 2236 642 2267 ad
662 2236 843 2267 dicendum
864 2236 893 2268 L
1069 2237 1092 2267 6
1114 2237 1332 2278 peroratione
1356 2237 1484 2270 Halm:

154 2279 407 2318 perorationem
430 2278 491 2310 A:
522 2289 585 2319 per
608 2280 798 2311 orationem
822 2279 852 2309 L
999 2290 1035 2312 11
1061 2281 1183 2313 viderit
1208 2280 1264 2314 A:
1295 2281 1424 2313 videbit
1453 2280 1484 2313 L

156 2331 195 2361 13
218 2331 283 2353 nec
305 2332 367 2362 pro
390 2322 547 2354 omnibus
571 2333 635 2354 nec
659 2333 735 2355 cum
760 2322 917 2354 omnibus
939 2334 1005 2356 om.
1023 2323 1057 2355 A
1077 2324 1128 2355 ml
1259 2334 1298 2364 14
1316 2335 1391 2357 cum
1408 2324 1484 2357 add.

154 2364 315 2396 Friedrich
421 2375 460 2406 19
484 2367 636 2398 nondum
652 2367 704 2397 Al
716 2378 724 2398 ε
747 2377 817 2398 non
832 2366 899 2397 Lm
1001 2377 1043 2399 22
1066 2368 1291 2399 historicaeA
1390 2378 1432 2408 23
1455 2368 1485 2400 si

156 2408 267 2440 tenuis
297 2419 398 2441 causa
428 2414 491 2450 est,
521 2409 586 2443 cod.
613 2409 723 2442 Vict.:
756 2410 784 2442 si
810 2410 923 2442 tenuis
948 2420 1050 2443 causa
1073 2411 1139 2443 erit
1159 2411 1276 2450 Jahn:
1310 2411 1338 2443 si
1365 2416 1486 2443 tenues

155 2461 277 2484 causae
293 2452 360 2486 AL
419 2457 490 2486 tum
506 2452 536 2484 L
552 2465 559 2486 ι
582 2464 649 2486 om.
664 2453 698 2485 A
789 2464 833 2496 30
856 2454 918 2487 sed
935 2454 999 2487 erit
1014 2478 1022 2487 .
1040 2479 1048 2488 .
1068 2479 1076 2488 .
1096 2454 1294 2496 eloquentia
1307 2455 1487 2519 secl.*Bakae
