1696 2730
166 150 193 188 4
219 151 259 189 224
554 142 611 179 M.
653 141 823 179 TVLLI
864 140 1174 180 CICERONIS

211 277 258 303 ea
289 263 460 302 maxime
494 278 541 303 ex
573 261 808 302 auctoritate
839 263 1048 302 ducuntur.
1110 264 1251 314 Itaque
1286 264 1428 304 Graeci
1459 264 1547 304 talis

210 329 573 380 argumentationes
600 330 775 381 ἀτέχνους
794 336 950 376 vocant,
972 328 1013 367 id
1043 336 1102 368 est
1127 329 1220 368 artis
1250 329 1434 381 expertis,
1452 338 1495 370 ut
1514 330 1548 370 si

211 394 264 433 ita
284 395 550 446 respondeas:
581 394 786 444 Quoniam
816 396 858 433 P.
881 394 1071 438 Scaevola
1097 393 1137 433 id
1158 396 1288 434 solum
1316 409 1402 435 esse
1424 395 1548 436 ambi·
1615 410 1619 413 ·

211 467 273 499 tus
302 460 462 500 aedium
492 460 642 508 dixerit,
666 461 776 511 quod
805 458 963 511 parietis
988 460 1213 499 communis
1240 461 1400 511 tegendi
1429 475 1548 501 causa

210 533 359 565 tectum
398 526 650 577 proiceretur,
683 539 731 565 ex
764 539 845 577 quo
876 533 982 565 tecto
1016 525 1056 564 in
1095 525 1179 565 eius
1212 526 1322 566 aedis
1356 527 1425 578 qui
1462 541 1549 579 pro-
1567 537 1585 570 5

210 591 370 631 texisset
389 605 494 643 aqua
514 593 717 640 deflueret,
740 591 781 631 id
801 591 873 631 tibi
893 591 953 631 ius
973 591 1108 631 videri.

266 657 344 696 His
370 657 486 708 igitur
511 657 609 696 locis
636 657 705 708 qui
731 665 823 696 sunt
849 656 1016 707 expositi
1042 658 1094 696 ad
1121 671 1241 697 omne
1269 666 1547 710 argumentum

210 722 488 774 reperiendum
528 731 733 774 tamquam
778 723 986 762 elementis
1031 722 1273 774 quibusdam
1312 724 1548 776 significatio

209 797 248 828 et
286 789 573 828 demonstratio
609 787 676 842 [ad
714 787 1008 841 reperiendum]
1052 790 1177 828 datur.
1250 792 1394 829 Vtrum
1431 789 1549 841 igitur

209 856 402 894 hactenus
431 854 524 893 satis
553 856 641 893 est?
697 853 791 893 Tibi
815 853 978 905 quidem
1005 862 1085 893 tam
1112 862 1231 894 acuto
1256 863 1296 895 et
1322 863 1403 895 tam
1432 870 1548 896 occu·
1568 867 1608 890 10

168 934 193 973 5
211 928 304 971 pato
324 928 433 971 puto.
484 921 563 960 Sed
583 919 775 970 quoniam
794 919 956 959 avidum
977 919 1183 959 hominem
1202 922 1255 960 ad
1275 922 1346 961 has
1366 921 1548 962 discendi

210 988 347 1037 epulas
367 985 508 1036 recepi,
532 985 588 1025 sic
608 985 813 1036 accipiam,
836 993 879 1024 ut
899 985 1153 1036 reliquiarum
1174 986 1224 1026 sit
1244 986 1377 1038 potius
1395 987 1547 1039 aliquid

150 1055 191 1088 26
209 1065 331 1102 quam
352 1059 390 1090 te
411 1051 504 1090 hinc
525 1051 650 1102 patiar
669 1065 751 1090 non
771 1050 956 1090 satiatum
983 1051 1199 1091 discedere.
1259 1054 1435 1102 Quando
1455 1067 1548 1104 ergo

208 1131 311 1156 unus
342 1116 512 1168 quisque
543 1130 681 1156 eorum
711 1118 891 1156 locorum
921 1130 1022 1167 quos
1052 1117 1216 1168 exposui
1249 1132 1320 1157 sua
1349 1120 1546 1170 quaedam

208 1183 329 1222 habet
359 1183 549 1230 membra,
571 1196 618 1221 ea
647 1196 767 1233 quam
797 1182 1054 1222 subtilissime
1082 1196 1377 1234 persequamur,
1406 1192 1446 1223 et
1474 1184 1548 1236 pri·
1568 1197 1606 1230 15

209 1262 318 1287 mum
339 1249 390 1288 de
410 1248 495 1299 ipsa
515 1247 750 1287 definitione
770 1247 934 1287 dicatur.
992 1248 1185 1288 Definitio
1211 1256 1271 1288 est
1290 1249 1427 1298 oratio,
1445 1263 1548 1301 quae

207 1314 249 1353 id
283 1315 392 1364 quod
419 1313 606 1353 definitur
638 1313 807 1364 explicat
834 1313 931 1364 quid
960 1313 1019 1353 sit.
1092 1314 1384 1354 Definitionum
1412 1323 1547 1356 autem

209 1379 291 1418 duo
310 1392 455 1429 genera
474 1379 623 1429 prima:
653 1392 779 1418 unum
806 1392 941 1418 earum
968 1393 1098 1418 rerum
1125 1393 1228 1430 quae
1254 1387 1356 1428 sunt,
1379 1382 1546 1420 alterum

150 1455 190 1489 27
209 1458 344 1484 earum
389 1458 492 1495 quae
536 1444 828 1495 intelleguntur.
911 1446 1010 1484 Esse
1057 1459 1103 1484 ea
1150 1445 1243 1484 dico
1289 1459 1393 1496 quae
1439 1446 1547 1486 cerni

209 1509 397 1560 tangique
426 1517 604 1560 possunt,
636 1517 679 1549 ut
708 1511 878 1549 fundum
907 1512 1038 1559 aedes,
1067 1510 1258 1561 parietem
1288 1511 1547 1562 stillicidium,
1567 1522 1608 1545 20

210 1575 454 1626 mancipium
484 1576 694 1626 pecudem,
726 1575 1014 1626 supellectilem
1047 1589 1175 1626 penus
1209 1583 1248 1615 et
1277 1584 1431 1627 cetera3
1465 1591 1548 1629 quo

208 1655 255 1680 ex
274 1655 417 1692 genere
445 1643 643 1692 quaedam
671 1641 871 1680 interdum
892 1641 1005 1681 vobis
1033 1641 1264 1681 definienda
1289 1650 1392 1682 sunt.
1451 1644 1547 1683 Non

208 1721 295 1747 esse
314 1717 446 1746 rursus
473 1721 520 1746 ea
545 1707 638 1746 dico
658 1721 761 1758 quae
781 1707 888 1758 tangi
914 1707 1227 1747 demonstrarive
1257 1721 1340 1747 non
1365 1716 1544 1759 possunt,

208 1773 316 1812 cerni
354 1780 487 1812 tamen
526 1772 663 1812 animo
699 1780 820 1823 atque
858 1772 1032 1823 intellegi
1076 1780 1254 1823 possunt,
1295 1780 1339 1812 ut
1376 1773 1410 1813 si
1451 1787 1547 1813 usus

207 1838 429 1889 capionem,
463 1838 495 1876 si
534 1840 710 1886 tutelam,
747 1838 779 1877 si
809 1845 981 1889 gentem,
1015 1838 1047 1877 si
1080 1838 1335 1889 agnationem
1366 1839 1544 1888 definias,
1568 1851 1607 1884 25

208 1918 375 1954 quarum
410 1917 539 1942 rerum
580 1905 734 1942 nullum
768 1905 906 1943 subest
941 1901 1087 1956 [quasi]
1123 1917 1279 1954 corpus,
1315 1911 1375 1943 est
1412 1911 1547 1944 tamen

207 1971 405 2020 quaedam
444 1969 709 2009 conformatio
746 1969 933 2020 insignita
970 1976 1009 2008 et
1042 1969 1233 2019 impressa
1266 1969 1548 2021 intellegentia,

207 2049 327 2085 quam
358 2034 564 2074 notionem
595 2048 706 2074 voco.
768 2037 828 2074 Ea
855 2048 974 2085 saepe
1002 2034 1043 2073 in
1069 2037 1387 2086 argumentando
1410 2036 1548 2075 defini-

148 2105 188 2137 28
207 2100 315 2139 tione
343 2100 579 2151 explicanda
607 2108 677 2139 est.
736 2102 871 2151 Atque
895 2100 1014 2139 etiam
1042 2099 1296 2140 definitiones
1325 2100 1425 2140 aliae
1453 2109 1545 2141 sunt

205 2165 462 2217 partitionum
500 2165 600 2204 aliae
639 2165 880 2205 divisionum
895 2180 906 2214 3
953 2165 1220 2216 partitionum,
1261 2180 1353 2205 cum
1396 2180 1456 2206 res
1499 2180 1546 2207 ea
1565 2179 1610 2212 30

249 2282 268 2309 4
295 2271 387 2310 quod
418 2270 535 2311 vulg:
573 2275 735 2310 quantum
770 2269 833 2300 ΟΒ
862 2280 901 2300 ex
927 2269 1085 2301 Boethio:
1125 2280 1192 2310 quo
1222 2270 1268 2302 d:
1311 2271 1423 2311 quoad
1451 2270 1547 2303 Valla

206 2323 226 2353 5
249 2319 339 2345 tecto
360 2314 395 2345 in
418 2314 492 2345 eius
515 2313 694 2345 Boethius:
718 2315 754 2344 in
775 2318 902 2345 tectum
922 2313 998 2345 eius
1014 2313 1104 2345 codd.
1261 2315 1281 2345 8
1305 2315 1545 2354 reperiendum

206 2368 271 2390 om.
291 2357 381 2389 codd.
402 2357 432 2388 Ο
550 2367 572 2398 9
594 2357 637 2388 ad
661 2357 903 2398 reperiendum
919 2367 985 2390 om.
1005 2357 1036 2389 Ο
1145 2367 1188 2389 20
1211 2357 1390 2398 tangiveA
1502 2360 1547 2390 26

205 2411 347 2440 quarum
371 2400 489 2433 codd.:
515 2402 663 2441 qualium
686 2401 719 2432 A
876 2401 973 2441 quasi
997 2400 1057 2433 del.
1081 2400 1208 2432 Proust
1380 2412 1420 2443 27
1444 2402 1548 2435 intel·

206 2445 365 2484 ligentiac
385 2444 436 2475 0:
460 2445 493 2475 in
511 2445 749 2485 intellegentia
764 2444 854 2486 vulg.
