1630 2730
657 163 876 202 BRVTVS
1378 174 1435 212 30

102 273 234 312 tonius
261 275 497 321 consulares,
530 287 667 313 eorum
695 273 886 314 adhibere
916 281 1101 314 neutrum
1129 274 1263 314 voluit.
1325 275 1435 314 Dixit

101 339 186 390 ipse
204 352 276 390 pro
295 353 382 378 sese
405 346 444 378 et
463 353 590 390 pauca
609 340 654 379 C.
677 340 808 387 Cotta,
830 341 940 390 quod
964 340 1107 379 sororis
1134 347 1216 379 erat
1235 340 1435 380 filius—et

101 403 134 443 is
171 404 334 454 quidem
372 411 506 443 tamen
544 411 587 442 ut
625 411 766 452 orator,
802 418 1045 455 quamquam
1087 412 1169 444 erat
1212 407 1433 445 admodum

100 469 400 518 adulescens—‚
422 476 461 508 et
482 470 531 518 Q.
556 469 716 508 Mucius
737 471 944 509 enucleate
963 469 1028 509 ille
1049 470 1212 520 quidem
1240 478 1279 509 et
1298 470 1432 521 polite,

63 546 82 578 5
101 541 145 573 ut
184 535 346 581 solebat,
382 547 635 585 nequaquam
673 542 806 574 autem
845 548 892 575 ea
929 535 967 574 vi
1003 542 1124 586 atque
1161 535 1277 587 copia
1314 549 1434 587 quam

100 613 224 650 genus
243 599 340 639 illud
370 599 492 639 iudici
511 607 550 639 et
578 600 811 650 magnitudo
831 614 973 639 causae
1002 602 1239 652 postulabat.
1299 603 1435 641 Habe-

102 678 191 704 mus
211 665 327 716 igitur
353 665 393 703 in
420 665 562 704 Stoicis
582 665 802 705 oratoribus
833 665 1038 714 Rutilium,
1063 667 1253 705 Scaurum
1277 666 1318 705 in
1338 667 1436 706 anti-

101 729 189 780 quis
203 744 214 778 ;
255 738 468 780 utrumque
498 738 633 769 tamen
670 732 889 778 laudemus,
931 731 1119 781 quoniam
1158 745 1228 782 per
1265 732 1352 770 illos
1383 746 1434 772 ne

101 796 199 834 haec
219 795 382 845 quidem
401 795 442 834 in
462 794 619 834 civitate
638 809 782 846 genera
796 797 871 835 hac
891 795 1060 835 oratoria
1078 798 1196 836 laude
1212 804 1430 836 caruerunt.

43 869 85 893 10
101 861 206 899 Volo
236 859 342 899 enim
372 867 415 899 ut
443 859 484 898 in
515 873 658 899 scaena
687 860 743 900 sic
774 861 893 900 etiam
922 860 963 899 in
992 863 1077 900 foro
1103 874 1186 901 non
1215 875 1284 901 eos
1310 864 1433 902 modo

99 924 261 972 laudari,
293 924 361 975 qui
387 925 503 964 celeri
533 932 644 964 motu
670 933 710 965 et
737 925 886 964 difficili
909 933 1079 974 utantur,
1108 927 1178 966 sed
1212 940 1280 966 eos
1314 927 1433 966 etiam

100 1003 201 1040 quos
221 989 400 1028 statarios
423 992 635 1041 appellant,
657 1003 827 1041 quorum
851 990 901 1029 sit
927 991 994 1030 illa
1019 991 1186 1042 simplex
1211 991 1252 1030 in
1277 993 1434 1042 agendo

100 1054 252 1103 veritas,
274 1068 355 1093 non
376 1057 552 1094 molesta.

156 1121 208 1159 Et
227 1121 415 1170 quoniam
437 1121 659 1160 Stoicorum
676 1128 735 1160 est
754 1122 858 1160 facta
873 1121 1034 1169 mentio,
1051 1123 1100 1171 Q.
1118 1122 1256 1162 Aelius
1271 1123 1433 1162 Tubero

42 1193 82 1226 Ῑ5
100 1185 174 1224 suit
188 1185 256 1224 illo
271 1192 458 1236 tempore,
477 1187 522 1224 L.
538 1186 664 1224 Paulli
684 1199 808 1237 nepos
823 1201 834 1235 5
857 1188 966 1225 nullo
982 1187 1022 1225 in
1038 1194 1238 1226 oratorum
1253 1201 1430 1235 numero,

101 1251 172 1289 sed
191 1249 271 1289 vita
295 1263 453 1289 severus
479 1258 518 1289 et
541 1264 762 1301 congruens
783 1265 874 1290 cum
899 1265 945 1290 ea
964 1251 1173 1302 disciplina
1193 1265 1312 1302 quam
1333 1254 1435 1292 cole-

100 1315 180 1363 bat,
201 1317 320 1365 paulo
340 1315 459 1355 etiam
475 1316 608 1355 durior
622 1331 632 1364 ,·
661 1316 729 1367 qui
749 1316 912 1367 quidem
929 1317 969 1355 in
986 1317 1186 1356 tribunatu
1202 1317 1434 1357 iudicaverit

101 1387 238 1420 contra
275 1382 319 1419 P.
351 1381 525 1420 Africani
555 1381 739 1421 avunculi
777 1381 838 1421 sui
875 1382 1147 1422 testimonium
1185 1383 1434 1422 vacationem

100 1458 266 1496 augures
286 1459 366 1496 quo
386 1445 518 1485 minus
538 1446 693 1486 iudiciis
714 1460 875 1498 operam
902 1448 1042 1486 darent
1060 1460 1143 1486 non
1163 1448 1333 1496 habere3
1362 1450 1433 1487 sed

42 1521 85 1546 20
101 1518 146 1549 ut
163 1510 243 1550 vita
261 1510 317 1550 sic
340 1511 517 1550 oratione
543 1513 664 1551 durus
684 1512 856 1551 incultus
883 1512 1064 1551 horridus
1079 1527 1090 1561 ς
1118 1512 1252 1563 itaque
1278 1513 1435 1552 honori-

101 1576 176 1615 bus
196 1576 389 1614 maiorum
409 1578 649 1627 respondere
669 1591 751 1616 non
770 1577 910 1628 potuit.
971 1577 1062 1616 Fuit
1085 1585 1219 1616 autem
1246 1585 1433 1617 constans

101 1640 196 1680 civis
217 1649 255 1679 et
283 1641 392 1680 fortis
414 1648 453 1680 et
481 1641 521 1679 in
548 1641 684 1692 primis
714 1643 896 1681 Graccho
922 1644 1123 1690 molestus,
1146 1644 1256 1692 quod
1284 1643 1434 1682 indicat

103 1705 273 1745 Gracchi
293 1705 333 1744 in
353 1719 444 1745 eum
461 1706 606 1745 oratio·
638 1709 738 1746 Sunt
753 1707 871 1746 etiam
888 1707 928 1745 in
943 1708 1168 1746 Gracchum
1184 1708 1409 1747 Tuberonis
1424 1722 1435 1756 3

102 1770 135 1809 is
173 1771 246 1809 fuit
283 1770 493 1810 mediocris
529 1771 568 1809 in
599 1771 783 1820 dicendo,
818 1771 1071 1811 doctissimus
1105 1772 1146 1810 in
1177 1772 1431 1823 disputando.

44 1845 84 1879 25
102 1837 207 1875 Tum
230 1837 397 1874 Brutus:
427 1837 559 1885 Quam
589 1837 667 1875 hoc
695 1836 802 1876 idem
829 1837 869 1875 in
899 1836 1042 1876 nostris
1070 1837 1298 1888 contingere
1324 1837 1435 1877 intel—

102 1902 190 1952 lego
219 1902 329 1951 quod
359 1901 399 1939 in
429 1901 601 1949 Graecis,
629 1909 671 1940 ut
701 1915 839 1941 omnes
873 1904 953 1942 fere
986 1902 1109 1942 Stoici
1138 1903 1434 1954 prudentissimi

102 1966 143 2005 in
163 1966 394 2005 disserendo
415 1966 492 2005 sint
512 1974 550 2005 et
570 1967 611 2005 id
630 1974 712 2006 arte
735 1967 880 2006 faciant
901 1968 1058 2019 sintque
1083 1968 1287 2007 architecti
1306 1982 1433 2019 paene

102 2032 322 2079 verborum,
345 2031 450 2070 idem
476 2032 644 2070 traducti
663 2046 687 2071 a
707 2032 949 2083 disputando
971 2035 1023 2072 ad
1051 2033 1266 2073 dicendum
1292 2034 1433 2085 inopes

102 2095 353 2147 reperiantur.
411 2098 546 2135 Vnum
577 2096 730 2147 excipio
755 2098 962 2146 Catonem,
980 2097 1021 2136 in
1041 2111 1121 2149 quo
1147 2098 1433 2149 perfectissimo

43 2170 87 2204 30
103 2161 237 2201 Stoico
256 2174 452 2200 summam
472 2161 739 2212 eloquentiam
760 2175 841 2202 non
861 2163 1095 2211 desiderem,
1113 2177 1232 2214 quam
1253 2163 1432 2214 exiguam

145 2275 165 2304 4
189 2270 224 2296 et
240 2264 283 2304 Q.
299 2265 408 2297 Bake:
433 2266 493 2296 sed
518 2265 560 2304 Q.
580 2265 608 2296 L
750 2266 772 2295 6
797 2265 974 2298 Habemus
998 2267 1048 2298 L:
1083 2267 1270 2299 habeamus
1293 2267 1436 2309 Madvig

105 2317 144 2340 ιο
167 2309 266 2340 etiam
294 2319 361 2339 om.
387 2308 508 2348 BHM,
536 2310 603 2340 secl.
632 2309 844 2341 Omnibonus
1002 2320 1038 2351 17
1063 2312 1200 2351 quidem
1226 2322 1293 2343 om.
1321 2311 1436 2343 BHM

102 2352 275 2383 tribunatu
291 2351 433 2385 Schis'tz:
459 2353 669 2384 triumviratu
687 2354 715 2385 L
806 2354 1011 2385 iudicaverat
1034 2354 1178 2385 BHMG
1309 2365 1348 2395 19
1370 2356 1432 2387 sed

103 2401 140 2426 ut
162 2395 191 2426 L
208 2407 216 2427 z
239 2401 274 2427 et
291 2401 326 2427 ut
341 2396 434 2427 Bake
566 2406 607 2427 22
632 2396 668 2428 C.
687 2397 844 2429 Graccho
862 2397 983 2429 maluit
994 2396 1120 2439 Stangl
1205 2407 1260 2437 23,
1276 2408 1318 2438 24
1344 2398 1432 2431 Sunt

103 2462 112 2471 .
132 2462 142 2472 .
159 2463 168 2471 .
188 2439 394 2479 disputando
409 2440 479 2472 secl.
496 2439 616 2471 Simon
728 2451 769 2480 24
793 2441 822 2472 is
839 2441 901 2473 suit
917 2466 925 2473 .
945 2465 952 2473 .
974 2465 981 2473 .
1002 2442 1206 2482 disputando
1221 2442 1291 2475 secl.
1307 2442 1437 2483 Kayser

146 2503 211 2525 c1c.
229 2503 332 2526 BRVT.
1325 2497 1346 2528 3

1455 179 1517 212 115

1457 612 1518 645 116

1452 1096 1498 1134 31

1455 1154 1517 1188 117

1454 1842 1514 1874 118
