1630 2730
125 254 178 297 43

128 653 184 691 44

123 703 181 735 162

120 1273 179 1313 163

119 1731 178 1774 164

203 251 259 284 161
563 245 621 283 M.
660 244 831 282 TVLLI
870 244 1180 284 CICERONIS

207 357 371 396 consule
410 363 526 395 natus
564 364 603 395 et
642 358 687 396 C.
730 356 880 405 Laelio,
919 356 1089 395 triennio
1127 355 1214 407 ipso
1253 355 1382 394 minor
1418 367 1539 406 quam

201 422 414 460 Antonius.
472 423 595 471 Quod
626 421 776 461 idcirco
806 421 922 472 posui
959 429 1003 460 ut
1041 420 1202 460 dicendi
1235 420 1376 460 Latine
1413 421 1540 471 prima

203 486 407 526 maturitas
438 487 478 525 in
509 500 588 537 qua
614 494 743 526 aetate
770 486 981 526 exstitisset
1006 494 1140 538 posset
1169 486 1297 525 notari
1326 493 1365 525 et
1390 485 1540 524 intelle-

201 560 356 603 geretur
394 552 470 591 iam
511 553 563 591 ad
602 565 804 590 summurn
843 566 970 603 paene
1009 565 1094 591 esse
1128 552 1373 602 perductam,
1409 558 1452 590 ut
1490 564 1540 589 eo

203 617 301 655 nihil
321 619 443 656 ferme
465 617 674 668 quisquam
702 618 850 656 addere
877 624 1022 668 posset,
1045 616 1119 655 nisi
1141 616 1210 667 qui
1229 630 1253 656 a
1271 615 1537 666 philosophia,
1558 629 1576 660 5

202 696 225 722 a
245 683 327 722 iure
347 683 464 732 civili,
484 683 536 721 ab
555 682 718 721 historia
738 682 875 721 fuisset
895 682 1131 721 instructior.
1183 681 1280 730 Erit,
1300 681 1429 732 inquit
1443 679 1538 734 [M.]

205 750 361 796 Brutus,
384 756 452 787 aut
472 748 548 787 iam
572 755 630 787 est
651 747 724 786 iste
745 761 865 798 quem
886 749 1122 798 exspectas?
1178 747 1338 795 Nescio,
1359 746 1537 797 inquam.

202 814 281 852 Sed
311 820 370 852 est
404 813 523 852 etiam
554 815 597 852 L.
629 812 760 853 Crassi
794 812 834 850 in
869 814 1078 852 consulatu
1112 826 1184 863 pro
1216 814 1265 862 Q.
1298 811 1538 863 Caepione†

202 878 435 918 defensione
457 878 620 918 iuncta†
641 891 723 917 non
750 877 879 917 brevis
906 885 949 916 ut
976 877 1163 925 laudatio,
1186 885 1229 916 ut
1259 876 1384 916 oratio
1403 884 1536 916 autem

201 943 358 992 brevis;
385 951 586 994 postrema
612 943 787 983 censoris
811 943 947 990 oratio,
971 956 1050 993 qua
1076 956 1182 982 anno
1209 941 1538 993 duodequinqua-
1562 955 1601 978 10

200 1009 352 1060 gesimo
379 1022 474 1047 usus
501 1017 570 1048 est.
632 1010 679 1046 In
710 1008 770 1046 his
800 1008 987 1047 omnibus
1017 1007 1119 1047 inest
1148 1007 1312 1058 quidam
1343 1007 1428 1047 sine
1456 1009 1538 1046 ullo

201 1076 294 1112 fuco
310 1074 485 1113 veritatis
501 1076 610 1113 color
628 1088 638 1122 3
668 1074 765 1124 quin
780 1073 898 1113 etiam
915 1073 1222 1124 comprehensio
1239 1080 1278 1112 et
1290 1072 1463 1112 ambitus
1475 1072 1541 1111 ille

200 1140 423 1188 verborum,
456 1139 487 1178 si
518 1139 573 1179 sic
602 1140 773 1190 περίοδον
801 1138 989 1190 appellari
1019 1141 1159 1190 placet,
1182 1146 1264 1178 erat
1292 1139 1400 1189 apud
1426 1137 1537 1176 illum

201 1212 428 1244 contractus
458 1212 495 1244 et
526 1205 667 1253 brevis,
698 1212 737 1244 et
768 1205 808 1243 in
843 1206 1022 1244 membra
1053 1206 1263 1255 quaedam,
1299 1217 1402 1254 quae
1436 1207 1538 1243 κῶλα

202 1270 342 1310 Graeci
364 1278 519 1318 vocant,
542 1270 800 1321 dispertiebat
826 1270 1047 1309 orationem
1074 1269 1271 1309 libentius.
1333 1271 1428 1308 Hoc
1446 1270 1537 1308 loeo
1557 1279 1597 1311 15

202 1337 370 1375 Brutus:
407 1337 583 1386 Quando
615 1336 779 1387 quidem
811 1344 852 1375 tu
885 1336 981 1375 istos
1020 1343 1206 1383 oratores,
1245 1334 1387 1385 inquit,
1426 1341 1537 1374 tanto

202 1415 321 1452 opere
360 1403 509 1450 laudas,
551 1404 696 1441 vellem
738 1401 889 1453 aliquid
927 1402 1108 1441 Antonio
1146 1408 1300 1453 praeter
1337 1400 1450 1439 illum
1488 1401 1539 1439 de

200 1467 351 1506 ratione
372 1466 533 1506 dicendi
554 1481 648 1506 sane
675 1467 816 1507 exilem
843 1466 1033 1515 libellum,
1062 1469 1174 1518 plura
1195 1468 1340 1507 Crasso
1359 1464 1540 1505 libuisset

200 1532 398 1571 scribere:
433 1546 525 1571 cum
561 1532 667 1572 enim
703 1532 890 1572 omnibus
923 1532 1157 1572 memoriam
1196 1531 1256 1571 sui
1294 1538 1379 1570 tum
1418 1530 1536 1570 etiam

200 1597 452 1648 disciplinam
493 1597 655 1637 dicendi
695 1598 811 1637 nobis
850 1598 1110 1649 reliquissent.
1172 1599 1276 1636 Nam
1322 1597 1537 1637 Scaevolae
1559 1608 1600 1632 20

199 1662 359 1702 dicendi
389 1662 624 1713 elegantiam
655 1663 748 1702 satis
780 1677 826 1703 ex
860 1663 916 1703 eis
950 1663 1207 1710 orationibus,
1238 1676 1335 1713 quas
1369 1661 1536 1712 reliquit,

199 1729 394 1767 habemus
415 1727 629 1778 cognitam.
691 1730 742 1767 Et
762 1742 836 1778 ego
853 1743 860 1767 :
892 1728 995 1767 Mihi
1016 1728 1180 1779 quidem
1200 1741 1224 1767 a
1243 1726 1410 1779 pueritia
1423 1727 1533 1777 quasi

199 1793 384 1844 magistra
413 1793 500 1842 fuit,
531 1793 705 1844 inquam,
738 1793 805 1832 illa
833 1793 874 1832 in
909 1795 1036 1845 legem
1069 1793 1285 1845 Caepionis
1319 1791 1470 1840 orati03
1497 1791 1538 1830 in

199 1872 277 1909 qua
315 1866 354 1897 et
392 1858 606 1898 auctoritas
646 1866 808 1898 ornatur
852 1867 1023 1907 senatus,
1065 1873 1146 1909 quo
1184 1872 1256 1910 pro
1294 1857 1434 1898 ordine
1472 1857 1537 1896 illa

199 1924 396 1971 dicuntur,
418 1931 457 1962 et
476 1923 626 1963 invidia
646 1924 868 1964 concitatur
883 1924 923 1963 in
944 1924 1122 1964 iudicum
1147 1932 1186 1963 et
1201 1924 1242 1962 in
1261 1930 1536 1963 accusatorum
1558 1938 1597 1970 25
1625 1935 1630 1957 1

199 1988 426 2036 factionem,
449 1997 587 2028 contra
607 2003 777 2040 quorum
798 1990 1019 2041 potentiam
1040 1989 1281 2041 populariter
1300 1996 1385 2028 tum
1406 1988 1539 2028 dicen-

199 2055 295 2093 dum
327 2054 410 2093 fuit.
472 2056 602 2093 Multa
636 2055 676 2093 in
708 2055 774 2094 illa
805 2055 984 2094 oratione
1017 2055 1194 2106 graviter,
1231 2055 1356 2092 multa
1386 2053 1535 2101 leniter,

200 2121 324 2158 multa
353 2133 501 2169 aspere,
535 2122 659 2159 multa
688 2122 815 2160 facete
847 2120 954 2160 dicta
988 2127 1080 2159 sunt
1097 2134 1107 2169 ;
1135 2122 1248 2171 plura
1280 2119 1399 2159 etiam
1432 2119 1538 2158 dicta

201 2198 320 2234 quam
352 2184 505 2235 scripta,
538 2187 648 2236 quod
678 2199 725 2225 ex
754 2186 995 2236 quibusdam
1025 2185 1221 2236 capitibus
1250 2183 1438 2235 expositis
1463 2198 1539 2224 nec

201 2249 404 2300 explicatis
443 2250 616 2301 intellegi
656 2259 797 2302 potest.
858 2253 952 2302 Ipsa
982 2250 1049 2289 illa
1082 2249 1260 2290 censoria
1291 2256 1428 2289 contra
1463 2250 1536 2290 Cn.
1555 2265 1598 2296 30

243 2354 264 2382 6
289 2353 334 2384 M.
353 2354 422 2385 secl.
446 2354 639 2396 Heusinger
768 2356 789 2386 8
813 2354 846 2384 in
866 2353 1044 2385 consulatu
1069 2364 1131 2393 pro
1155 2353 1196 2392 Q.
1222 2353 1396 2393 Caepione
1421 2353 1538 2384 defen-

199 2396 298 2428 sione
322 2397 437 2428 iuncta
453 2398 481 2428 L
499 2410 504 2428 :
530 2409 573 2428 ex
590 2398 767 2429 consulatu
793 2398 1002 2438 (peculatus)
1020 2398 1102 2439 r(ei)
1120 2397 1161 2436 Q.
1181 2397 1364 2437 Caepionis
1381 2396 1538 2428 defensio

199 2440 329 2471 minuta
344 2440 474 2482 Stangl,
501 2442 560 2481 qui
579 2446 609 2472 et
630 2442 743 2473 conicit
764 2442 799 2472 in
825 2452 854 2473 c.
884 2451 946 2482 pro
971 2441 1012 2480 Q.
1037 2442 1074 2473 C.
1101 2441 1302 2482 (testimonii
1318 2439 1394 2472 loco
1412 2440 1535 2481 oratio)

200 2484 399 2514 defensione
431 2485 535 2516 tincta
714 2495 752 2524 13
777 2485 1016 2525 perhiodorum
1050 2484 1090 2525 L⁷
1123 2495 1202 2516 corr.
1228 2484 1317 2525 vulg.
1497 2493 1536 2524 15

199 2527 399 2567 dispertibat
416 2529 570 2559 oratione
588 2528 628 2569 L,
648 2539 725 2561 corr.
746 2529 834 2570 vulg.
970 2539 1009 2560 21
1036 2528 1085 2559 eis
1101 2528 1213 2569 vulg.:
1239 2528 1292 2559 his
1308 2526 1337 2559 L

1605 2585 1621 2730 fixisses-„umbaz
