1696 2730
149 123 193 161 13
211 129 252 162 42
568 116 625 154 M.
666 116 836 154 TVLLI
877 115 1187 156 CICERONIS

211 226 375 278 quentia
395 225 487 281 [est]
513 227 599 279 ipsa
622 242 663 268 se
683 235 822 279 postea
842 230 992 267 colorat
1019 235 1057 267 et
1077 228 1247 276 roborat,
1271 241 1353 267 non
1372 227 1546 267 alienum

211 292 284 331 fuit
322 294 373 332 de
406 293 570 332 oratoris
609 293 721 344 quasi
758 293 1010 332 incunabulis
1048 293 1190 333 dicere.
1260 295 1411 333 Verum
1449 294 1548 332 haec

212 359 398 397 ludorum
418 366 538 409 atque
558 372 730 410 pompae
744 373 754 407 3
784 372 857 398 nos
877 365 1011 398 autem
1032 358 1110 397 iam
1130 358 1170 397 in
1186 357 1312 398 aciem
1330 357 1548 398 dimicatio·

214 437 388 474 nemque
407 424 623 463 veniamus.

151 469 196 507 ¹4
270 488 472 538 Quoniam
503 489 575 528 tria
602 489 776 529 videnda
805 496 897 528 sunt
926 488 1093 529 oratori:
1133 488 1230 540 quid
1264 487 1370 528 dieat
1399 496 1438 528 et
1466 501 1547 540 quo
1567 497 1585 530 5

151 531 194 561 43
213 555 391 606 quidque
411 557 501 595 loco
527 563 566 595 et
592 570 673 606 quo
700 557 834 604 modo,
857 555 1074 595 dicendum
1101 555 1267 594 omnino
1287 561 1346 594 est
1375 554 1473 606 quid
1499 554 1549 594 sit

212 620 409 671 optimum
430 620 470 659 in
491 620 667 672 singulis,
687 622 757 660 sed
784 620 988 672 aliquanto
1008 634 1122 660 secus
1148 628 1268 671 atque
1295 619 1336 658 in
1356 621 1549 660 tradenda

212 693 294 725 arte
314 686 393 725 dici
422 687 532 725 solet.
592 688 714 725 Nulla
742 693 952 737 praecepta
980 699 1189 737 ponemus,
1211 699 1343 736 neque
1372 685 1479 724 enim
1506 685 1548 725 id

212 750 472 802 suscepimus,
492 752 563 790 sed
590 750 816 790 excellentis
841 750 1092 802 eloquentiae
1118 750 1293 802 speciem
1317 757 1355 789 et
1378 752 1546 790 formam

211 816 539 855 adumbrabimus
554 831 564 865 ,·
601 830 677 856 nee
706 817 851 868 quibus
880 817 998 856 rebus
1027 830 1074 856 ea
1101 823 1259 867 paretur
1287 829 1547 866 exponemus,
1568 834 1609 856 10

151 892 194 923 44
214 883 284 921 sed
318 881 444 932 qualis
476 881 592 921 nobis
627 895 713 921 esse
746 881 936 921 videatur.
995 883 1056 921 Ac
1089 882 1171 920 duo
1200 880 1369 921 breviter
1396 881 1548 932 prima;

212 953 304 985 sunt
338 946 444 986 enirn
478 961 560 986 non
592 954 673 985 tam
704 946 872 998 insignia
905 948 956 986 ad
988 946 1201 985 maximam
1234 948 1394 986 laudem
1426 960 1547 998 quam

211 1011 431 1051 necessaria
451 1020 490 1051 et
509 1019 644 1051 tamen
664 1026 756 1051 cum
777 1012 911 1051 multis
931 1026 1058 1063 paene
1078 1012 1318 1051 communia.

266 1079 371 1116 Nam
393 1084 432 1116 et
451 1076 627 1117 invenire
648 1085 686 1116 et
706 1077 882 1117 iudicare
902 1077 999 1128 quid
1016 1077 1124 1117 dicas
1141 1091 1284 1128 magna
1302 1077 1367 1116 illa
1383 1076 1546 1128 quidem

212 1149 303 1181 sunt
324 1149 363 1182 et
383 1149 588 1193 tamquam
608 1142 731 1182 animi
751 1142 873 1182 instar
899 1142 939 1181 in
960 1156 1137 1194 corpore,
1160 1144 1230 1182 sed
1251 1142 1408 1194 propria
1422 1142 1546 1194 magis
1568 1159 1605 1190 15

211 1207 446 1258 prudentiae
484 1222 604 1259 quarn
644 1207 919 1259 eloquentiae:
963 1221 1042 1259 qua
1079 1215 1214 1247 tamen
1252 1208 1293 1247 in
1332 1221 1451 1247 causa
1489 1214 1548 1247 est

212 1286 335 1312 vacua
354 1273 594 1324 prudentia?
651 1274 816 1313 Noverit
842 1273 959 1324 igitur
981 1273 1046 1313 hic
1073 1273 1236 1324 quidem
1264 1281 1404 1321 orator,
1427 1287 1547 1324 quem

211 1352 413 1377 summum
442 1352 528 1378 esse
557 1340 751 1386 volumus,
778 1346 1100 1390 argumentorum
1129 1346 1168 1378 et
1196 1339 1395 1378 rationum
1423 1340 1544 1378 locos.

150 1414 191 1446 45
212 1405 318 1442 Nam
349 1403 550 1454 quoniam,
585 1403 776 1454 quicquid
807 1411 866 1443 est
897 1405 1006 1455 quod
1037 1404 1078 1443 in
1111 1403 1379 1444 controversia
1408 1411 1476 1443 aut
1504 1404 1545 1444 in

210 1468 468 1508 contentione
487 1476 673 1517 versetur,
695 1469 735 1508 in
763 1483 811 1508 eo
838 1476 905 1508 aut
925 1469 1027 1510 sitne
1052 1477 1120 1509 aut
1144 1469 1241 1520 quid
1261 1469 1310 1509 sit
1336 1477 1404 1509 aut
1427 1471 1544 1521 quale
1566 1482 1606 1506 20

210 1534 258 1573 sit
279 1534 478 1585 quaeritur
494 1534 670 1582 :—sitne‚
694 1534 839 1586 signis,
869 1535 966 1586 quid
993 1535 1052 1583 sit,
1075 1535 1375 1575 definitionibus
1389 1550 1400 1585 5
1429 1537 1545 1586 quale

210 1599 269 1647 sit,
292 1598 387 1639 recti
407 1599 596 1651 pravique
615 1600 792 1651 partibus
806 1616 816 1649 3
846 1600 991 1651 quibus
1011 1607 1055 1639 ut
1074 1600 1130 1639 uti
1157 1601 1281 1651 possit
1301 1608 1441 1650 orator,
1463 1614 1546 1640 non

209 1665 273 1704 ille
293 1665 462 1716 vulgaris
482 1666 553 1704 sed
573 1665 638 1704 hie
658 1667 865 1714 excellens,
884 1680 907 1705 a
926 1666 1092 1717 propriis
1111 1666 1290 1717 personis
1306 1673 1345 1706 et
1364 1666 1549 1718 tempori-

210 1731 284 1769 bus
313 1744 479 1781 semper,
513 1729 544 1769 si
574 1738 717 1781 potest,
748 1738 889 1771 avocet
918 1731 1226 1771 controversiam
1241 1746 1251 1781 3
1289 1731 1405 1771 latius
1438 1732 1544 1772 enim

209 1797 261 1835 de
298 1810 442 1847 genere
482 1810 604 1846 quam
644 1797 695 1835 de
733 1804 843 1847 parte
881 1797 1103 1848 disceptare
1140 1797 1243 1845 licet,
1276 1805 1320 1836 ut
1357 1799 1468 1849 quod
1505 1797 1546 1837 in
1566 1808 1604 1841 25

209 1860 393 1900 universo
423 1860 471 1899 sit
500 1861 712 1911 probatum
742 1861 783 1901 id
817 1861 859 1900 in
887 1869 997 1913 parte
1030 1861 1080 1901 sit
1113 1862 1271 1913 probari
1304 1875 1547 1911 necesse5—

146 1927 189 1969 46
209 1927 307 1964 haec
338 1925 454 1976 igitur
482 1926 663 1976 quaestio
691 1940 715 1966 a
743 1926 910 1978 propriis
939 1926 1118 1978 personis
1147 1934 1187 1966 et
1220 1927 1465 1978 temporibus
1494 1929 1546 1967 ad

208 1990 380 2029 universi
418 1990 571 2041 generis
612 1993 806 2031 rationem
847 1993 1028 2031 traducta
1069 1994 1290 2043 appellatur
1323 1993 1435 2034 θέσις.
1497 1994 1545 2031 In

209 2059 283 2095 hac
304 2055 537 2095 Aristoteles
556 2057 825 2097 adulescentis
855 2071 937 2097 non
963 2058 1015 2097 ad
1038 2057 1370 2109 philosophorum
1393 2071 1546 2098 morem

251 2170 271 2199 3
295 2165 407 2192 autem
440 2161 506 2191 iam
538 2160 590 2192 F:
629 2164 741 2191 autem
778 2159 901 2193 OPM:
941 2165 1053 2192 autem
1085 2161 1154 2193 secl.
1180 2159 1306 2203 Stangl
1448 2172 1487 2202 13
1511 2166 1546 2194 et

208 2208 322 2234 tamen
341 2204 370 2235 L
387 2215 394 2235 :
418 2209 452 2235 et
469 2204 587 2235 eadem
604 2204 714 2235 Halm
731 2216 738 2236 ε
761 2208 875 2236 tamen
889 2205 958 2237 secl.
974 2204 1084 2245 Sorof
1194 2206 1243 2247 16,
1262 2215 1300 2245 17
1324 2215 1391 2245 qua
1408 2230 1416 2238 .
1439 2229 1446 2238 .
1464 2216 1544 2246 pru-

209 2248 326 2278 dentia
342 2250 351 2279 3
369 2248 437 2279 secl.
456 2246 666 2280 Lambinus:
700 2259 788 2288 quae
811 2258 878 2288 qua
903 2248 1046 2289 Stangl:
1078 2259 1166 2288 quae
1189 2253 1304 2280 tamen
1329 2250 1465 2281 incauta
1491 2254 1544 2281 est

208 2291 236 2322 si
264 2301 369 2322 vacua
398 2292 579 2330 prudentia
602 2291 766 2333 Madvig:
803 2303 890 2332 quae
919 2297 1032 2323 tamen
1063 2303 1159 2324 cassa
1190 2297 1244 2324 est
1271 2292 1362 2324 Bake
1505 2304 1545 2334 19

207 2335 365 2373 quoniam
394 2345 460 2366 om.
490 2334 537 2366 ed.
571 2334 692 2375 Venet.,
721 2335 790 2367 secl.
817 2336 908 2377 vulg.
1018 2346 1060 2375 24
1085 2336 1223 2376 poterit,
1249 2336 1402 2368 avocabit
1427 2336 1549 2368 maluit

206 2378 298 2409 Bake
428 2379 470 2409 28
493 2379 661 2410 rationem
677 2378 847 2411 Nizolius:
871 2379 1062 2411 orationem
1079 2380 1108 2410 L
