1630 2730
56 147 112 187 74
134 145 198 187 258
490 136 548 175 M.
588 135 759 174 TVLLI
799 134 1108 175 CICERONIS

130 253 216 291 laus
246 252 379 291 adhuc
407 248 491 297 fuit,
520 261 603 288 non
636 247 709 287 fuit
737 246 899 287 rationis
930 253 999 286 aut
1027 245 1226 294 scientiae,
1258 245 1329 284 sed
1358 242 1472 295 quasi

131 318 262 357 bonae
299 314 612 356 consuetudinis.
683 313 804 353 Mitto
838 313 883 353 C.
921 311 1102 351 Laelium
1136 313 1178 350 P.
1214 309 1471 361 Scipionem:
1558 328 1562 347 ι

131 383 270 422 aetatis
294 381 397 420 illius
423 380 498 419 ista
522 379 595 419 fuit
623 381 708 418 laus
738 386 943 429 tamquam
972 376 1226 416 innocentiae
1252 375 1309 415 sic
1329 374 1471 415 Latine

131 447 455 499 loquendi—nec
475 444 655 484 omnium
682 451 828 492 tamen,
850 456 943 482 nam
963 442 1120 481 illorum
1139 440 1315 492 aequalis
1337 439 1473 481 Caeci·
1571 483 1577 490 ..

131 513 228 552 lium
253 520 292 552 et
315 510 532 551 Pacuvium
562 510 665 548 male
693 510 849 548 locutos
877 507 1188 547 videmus-sed
1216 519 1357 545 omnes
1385 512 1470 544 tum
1491 516 1510 550 5
1569 502 1576 558 J

131 581 223 627 fere,
245 577 314 629 qui
341 590 417 617 nec
445 583 553 615 extra
580 575 720 614 urbem
749 575 854 612 hanc
881 572 1057 613 vixerant
1085 585 1216 623 neque
1245 585 1314 611 eos
1339 570 1473 622 aliqua
1572 563 1573 566 ¹

131 643 331 684 barbaries
361 640 582 682 domestica
614 639 886 686 infuscaverat‚
917 646 1024 678 recte
1056 638 1332 688 loquebantur.
1391 637 1472 676 Sed

131 711 235 748 hanc
264 715 369 747 certe
397 720 481 746 rem
511 704 747 745 deteriorem
775 711 950 743 vetustas
979 703 1072 742 fecit
1104 710 1143 742 et
1178 704 1334 741 Romae
1362 708 1402 741 et
1430 700 1472 740 in

133 774 310 814 Graecia.
369 773 657 813 Confluxerunt
676 769 784 809 enim
804 777 843 808 et
862 770 1043 808 Athenas
1069 776 1109 808 et
1134 768 1176 807 in
1201 769 1306 807 hanc
1331 767 1472 806 urbem
1575 808 1579 819 .

132 839 247 879 multi
284 838 490 889 inquinate
520 838 730 887 loquentes
764 848 812 874 ex
845 834 1009 874 diversis
1046 833 1155 873 locis.
1215 834 1309 883 Quo
1347 831 1471 883 magis
1493 845 1532 868 10
1574 823 1578 826 .

131 905 409 956 expurgandus
447 910 506 942 est
543 915 673 941 sermo
715 906 755 940 et
795 899 1027 939 adhibenda
1066 906 1272 949 tamquam
1307 897 1474 937 obrussa

131 970 242 1018 ratio,
276 983 378 1020 quae
416 967 559 1007 mutari
596 980 679 1006 non
716 972 858 1017 potest,
895 979 971 1004 nec
1008 965 1204 1004 utendum
1241 962 1473 1015 pravissima

51 1048 112 1081 259
132 1033 433 1075 consuetudinis
453 1034 596 1083 regula.
655 1033 702 1070 T.
726 1030 1007 1079 Flamininum,
1029 1029 1098 1081 qui
1118 1043 1209 1069 cum
1231 1030 1280 1079 Q.
1305 1030 1472 1068 Metello

132 1102 273 1141 consul
298 1099 383 1147 fuit,
405 1098 516 1149 pueri
540 1097 739 1137 vidimus:
774 1096 1070 1136 existimabatur
1092 1096 1196 1135 bene
1226 1094 1378 1143 Latine,
1400 1095 1472 1134 sed

131 1167 279 1206 litteras
311 1159 527 1204 nesciebat.
585 1164 752 1203 Catulus
790 1169 872 1202 erat
909 1161 974 1201 ille
1012 1161 1177 1212 quidem
1214 1160 1379 1200 minime
1416 1159 1473 1199 in·
1492 1176 1532 1210 15

133 1233 286 1279 doctus,
309 1238 352 1269 ut
379 1244 404 1269 a
431 1237 470 1269 te
498 1230 619 1280 paulo
647 1235 707 1268 est
734 1235 827 1266 ante
855 1226 1019 1275 dictum,
1042 1228 1113 1266 sed
1141 1234 1276 1266 tamen
1302 1225 1472 1265 suavitas

132 1297 241 1337 vocis
273 1303 312 1336 et
342 1295 442 1335 lenis
474 1293 689 1346 appellatio
719 1293 935 1332 litterarum
966 1293 1070 1332 bene
1102 1291 1296 1343 loquendi
1324 1293 1472 1330 famam

133 1363 368 1402 confecerat.
428 1361 558 1407 Cotta,
581 1358 649 1410 qui
676 1372 717 1398 se
740 1359 856 1398 valde
885 1357 1098 1397 dilatandis
1126 1357 1263 1397 litteris
1289 1371 1313 1396 a
1341 1355 1473 1396 simili-

133 1427 274 1467 tudine
308 1428 484 1466 Graecae
514 1424 726 1464 locutionis
762 1425 1003 1463 abstraxerat
1036 1424 1284 1474 sonabatque
1321 1429 1473 1462 contra-

133 1493 235 1532 rium
266 1493 422 1539 Catulo,
458 1491 686 1541 subagreste
723 1489 917 1541 quiddam
955 1490 1153 1540 planeque
1191 1487 1469 1535 subrusticum,
1491 1507 1534 1531 20

133 1558 209 1597 alia
229 1557 392 1609 quidem
420 1556 532 1608 quasi
560 1556 710 1595 inculta
728 1562 768 1595 et
788 1554 954 1594 silvestri
969 1554 1032 1593 via
1050 1555 1102 1594 ad
1122 1555 1292 1593 eandem
1310 1554 1472 1593 laudem

133 1630 377 1675 pervenerat.
447 1621 615 1661 Sisenna
659 1628 794 1660 autem
841 1619 955 1671 quasi
1001 1621 1235 1659 emendator
1280 1617 1474 1658 sermonis

133 1688 267 1728 usitati
295 1701 387 1727 cum
416 1701 503 1727 esse
531 1688 659 1734 vellet,
688 1700 739 1726 ne
764 1700 788 1725 a
817 1687 862 1726 C.
893 1685 1020 1725 Rusio
1051 1685 1215 1736 quidem
1244 1691 1474 1724 accusatore

134 1754 320 1794 deterreri
339 1753 469 1805 potuit
489 1767 570 1804 quo
590 1752 722 1791 minus
741 1751 937 1791 inusitatis
956 1750 1085 1791 verbis
1105 1757 1287 1790 uteretur.
1347 1749 1474 1800 Quid-

55 1830 119 1863 260
134 1834 227 1859 nam
247 1820 349 1859 istuc
369 1821 460 1859 est?
492 1818 621 1869 inquit
641 1820 786 1857 Brutus
800 1831 811 1866 3
840 1824 909 1856 aut
932 1816 1020 1867 quis
1046 1823 1105 1856 est
1127 1815 1201 1855 iste
1222 1816 1267 1856 C.
1290 1815 1438 1854 Rusius
1454 1817 1472 1854 Ρ
1491 1832 1530 1864 25

137 1887 188 1924 Et
208 1885 296 1924 ille:
328 1884 418 1923 Fuit
437 1892 653 1932 accusator,
675 1883 816 1934 inquit,
837 1890 960 1930 vetus,
983 1895 1064 1933 quo
1082 1889 1296 1921 accusante
1316 1881 1361 1922 C.
1381 1880 1473 1919 Hir-

135 1950 263 1989 tilium
302 1949 469 1989 Sisenna
502 1950 723 1988 defendens
761 1948 860 1988 dixit
897 1948 1095 1998 quaedam
1129 1946 1213 1986 eius
1251 1945 1475 1997 sputatilica

66 2035 116 2074 75
135 2029 221 2055 esse
269 2014 444 2054 crimina.
522 2016 628 2053 Tum
667 2015 713 2055 C.
755 2013 927 2053 Rusius:
981 2011 1291 2060 Circumvenior,
1331 2011 1471 2062 inquit,

134 2081 297 2129 iudices,
319 2080 395 2119 nisi
415 2079 644 2119 subvenitis.
704 2079 872 2119 Sisenna
890 2078 988 2130 quid
1008 2078 1114 2118 dicat
1137 2077 1273 2117 nescio
1289 2091 1300 2126 3
1338 2084 1474 2117 metuo

179 2196 199 2216 2
225 2184 262 2216 P.
288 2183 446 2215 F²G¹M:
481 2184 591 2215 Pilum
617 2183 789 2216 F‘OBH:
830 2183 868 2215 P.
900 2183 992 2214 illum
1023 2182 1151 2223 Stangl
1315 2183 1337 2212 6
1359 2180 1475 2222 aliqua

135 2229 311 2260 barbaries
330 2227 419 2259 O²G¹
436 2228 492 2260 aL:
516 2228 629 2268 aliqua
645 2227 780 2259 barbari
804 2227 839 2258 in
860 2225 891 2257 L
908 2238 914 2258 :
938 2227 1051 2267 aliqua
1067 2226 1223 2258 barbaria
1239 2225 1377 2256 Martha
1434 2234 1471 2256 11

137 2278 296 2312 tanquam
311 2271 507 2302 Manutius:
525 2283 626 2312 quam
642 2276 713 2303 tum
730 2271 779 2302 F:
797 2276 961 2311 quantum
980 2270 1064 2302 OG:
1079 2279 1181 2311 quam
1199 2269 1227 2301 C
1287 2279 1326 2309 14
1352 2268 1473 2300 Latine

137 2317 229 2356 loqui
247 2316 369 2346 maluit
382 2315 513 2356 Kayser
641 2316 680 2347 18
704 2315 759 2356 qui
776 2314 910 2346 Ernesti
921 2325 928 2346 :
953 2317 1033 2355 quia
1049 2315 1078 2346 L
1201 2323 1244 2353 23
1266 2313 1404 2353 quidem
1419 2311 1450 2343 L
1464 2323 1471 2343 :

137 2359 281 2400 quadam
309 2359 490 2390 Manutius
658 2361 701 2390 26
725 2358 917 2391 Chirtilium
945 2358 998 2390 k:
1022 2357 1060 2390 C.
1093 2357 1309 2389 Herennium
1333 2356 1473 2388 Martha

137 2413 181 2443 29
205 2403 293 2434 dicat
308 2403 397 2445 vulg.
414 2414 420 2434 :
446 2403 540 2435 dicas
557 2402 587 2433 L
