1630 2730
671 156 889 195 BRVTVS
1055 186 1057 188 μ
1393 157 1451 204 46
1474 169 1533 205 172

119 268 203 306 Isto
222 267 309 318 ipso
323 282 333 316 ;
361 269 432 307 sed
452 267 620 307 Tincam
647 281 729 307 non
755 266 886 307 minus
911 268 1036 306 multa
1061 266 1224 306 ridicule
1247 267 1449 307 dicentem

117 333 287 372 Granius
310 334 504 373 obruebat
529 333 664 373 nescio
688 347 768 384 quo
788 347 928 384 sapore
947 334 1159 372 vernaculo
1173 348 1183 382 ;
1212 340 1256 372 ut
1275 346 1349 384 ego
1369 333 1446 372 iam

115 411 197 438 non
227 398 343 438 mirer
369 398 467 438 illud
495 400 774 450 Theophrasto
802 398 1004 446 accidisse,
1031 399 1142 449 quod
1170 398 1324 446 dicitur,
1355 412 1446 438 cum

114 472 410 515 percontaretur
441 478 490 504 ex
518 464 675 503 anicula
706 466 879 515 quadarn
910 463 1048 515 quanti
1078 463 1228 514 aliquid
1258 465 1447 503 venderet

76 542 94 574 5
113 537 153 568 et
171 529 439 580 respondisset
465 529 530 568 illa
555 537 675 580 atque
702 528 922 568 addidisset
943 529 1126 580 ‘hospes,
1145 542 1227 567 non
1255 536 1349 580 pote
1378 529 1447 567 mi-

113 594 244 643 noris,'
263 595 398 635 tulisse
417 609 509 635 eum
530 597 696 635 moleste
716 609 758 634 se
777 609 859 634 non
880 596 1050 645 effugere
1069 594 1236 646 hospitis
1257 594 1441 646 speciem,

111 674 203 699 cum
223 668 393 700 aetatem
413 668 545 712 ageret
564 660 733 700 Athenis
754 660 984 711 optimeque
1004 662 1230 711 loqueretur
1250 660 1440 700 omnium.

111 725 187 773 Sic,
209 733 252 764 ut
271 725 423 776 opinor,
445 725 486 764 in
512 725 655 765 nostris
684 733 743 765 est
769 726 933 776 quidam
960 726 1216 774 urbanorum,
1236 725 1338 764 sicut
1364 725 1442 765 illic

111 791 335 830 Atticorum
355 805 488 830 sonuS.
547 792 626 830 Sed
645 792 812 831 domum
832 792 1051 839 redeamus,
1074 790 1115 830 id
1136 798 1195 830 est
1214 792 1266 830 ad
1286 798 1442 830 nostros

12 859 31 909 ’,-
53 871 92 895 10
109 864 358 896 revertamur.

165 923 334 961 Duobus
363 921 479 973 igitur
507 922 683 970 summis,
709 923 854 963 Crasso
879 930 919 962 et
944 922 1133 970 Antonio,
1166 924 1210 961 L.
1233 922 1440 974 Philippus

108 987 308 1038 proximus
336 988 568 1037 accedebat,
591 989 661 1027 sed
690 989 809 1039 longo
835 988 1040 1028 intervallo
1066 995 1200 1027 tamen
1226 987 1438 1038 proximus.

109 1054 250 1104 Itaque
281 1066 384 1101 eum,
415 1052 488 1092 etsi
518 1067 638 1093 nemo
666 1053 939 1104 intercedebat
967 1053 1035 1104 qui
1064 1067 1106 1092 se
1134 1053 1436 1101 illianteferret,

108 1131 238 1168 neque
258 1119 477 1157 secundum
499 1125 632 1157 tamen
652 1132 784 1169 neque
803 1119 962 1158 tertium
982 1118 1159 1158 dixerim.
1218 1120 1305 1157 Nec
1331 1118 1436 1158 enim

25 1196 86 1230 :¹5
106 1181 147 1221 in
171 1183 369 1234 quadrigis
395 1197 486 1222 eum
515 1185 737 1222 secundum
765 1184 1053 1223 numeraverim
1082 1191 1150 1223 aut
1178 1183 1347 1231 tertium,
1370 1184 1438 1235 qui

105 1247 169 1286 vix
187 1262 209 1287 e
228 1248 450 1287 carceribus
470 1248 614 1296 exierit,
637 1262 728 1287 cum
752 1251 926 1300 palmam
952 1249 1031 1288 iam
1056 1248 1205 1300 primus
1228 1248 1437 1299 acceperit,

105 1327 179 1353 nec
198 1314 239 1352 in
259 1313 492 1363 oratoribus,
507 1314 575 1365 qui
595 1322 749 1353 tantum
769 1315 872 1354 absit
890 1328 913 1353 a
932 1314 1074 1366 primo,
1086 1314 1150 1353 vix
1168 1321 1212 1353 ut
1231 1313 1272 1352 in
1291 1315 1436 1354 eodem

104 1379 297 1419 curriculo
325 1393 412 1419 esse
436 1379 625 1419 videatur.
683 1381 763 1419 Sed
791 1387 925 1419 tamen
955 1387 1065 1419 erant
1093 1393 1140 1419 ea
1168 1379 1208 1418 in
1236 1379 1433 1430 Philippo,

104 1456 206 1494 quae
235 1444 303 1494 qui
329 1444 414 1483 sine
439 1444 735 1495 comparatione
763 1444 919 1484 illorum
946 1451 1154 1495 spectaret,
1174 1443 1266 1483 satis
1293 1456 1435 1495 magna

33 1524 86 1551 :20
103 1508 273 1548 diceret:
303 1523 459 1548 summa
486 1509 644 1549 libertas
671 1510 712 1549 in
739 1510 930 1558 oratione,
951 1511 1099 1549 multae
1123 1509 1288 1549 facetiae
1302 1524 1312 1558 5
1341 1509 1434 1548 satis

102 1575 238 1614 creber
257 1574 298 1613 in
317 1574 572 1625 reperiendis,
591 1577 743 1615 solutus
766 1575 807 1614 in
830 1575 1073 1626 explicandis
1093 1574 1298 1614 sententiis
1313 1589 1323 1623 3
1352 1583 1433 1614 erat

35 1636 42 1639 i
102 1639 221 1679 etiam
240 1640 281 1679 in
306 1640 457 1691 primis,
476 1649 519 1679 ut
542 1641 789 1692 temporibus
814 1641 904 1690 illis,
924 1641 1085 1681 Graecis
1112 1640 1301 1680 doctrinis
1327 1640 1435 1679 insti-

101 1712 220 1754 tutus,
243 1705 283 1744 in
302 1707 531 1746 altercando
551 1719 642 1745 cum
663 1706 796 1757 aliquo
815 1708 956 1746 aculeo
975 1714 1014 1746 et
1034 1706 1248 1746 maledicto
1267 1707 1429 1745 facetus.

103 1771 262 1810 Horum
287 1771 406 1810 aetati
429 1785 552 1822 prope
578 1771 814 1811 coniunctus
834 1773 878 1810 L.
901 1771 1052 1811 Gellius
1081 1785 1162 1811 non
1192 1779 1272 1810 tam
1299 1771 1433 1810 vendi·
1452 1788 1508 1822 174

23 1838 81 1884 225
101 1836 190 1876 bilis
210 1844 353 1885 orator,
365 1837 544 1887 quamvis
564 1837 734 1876 nescires
749 1837 847 1888 quid
866 1837 902 1876 ei
921 1838 1077 1876 deesset
1090 1851 1101 1886 3
1129 1850 1203 1876 nec
1222 1836 1329 1876 enim
1349 1844 1431 1876 erat

100 1901 285 1941 indoctus
322 1916 397 1941 nec
434 1903 568 1941 tardus
605 1904 657 1941 ad
695 1902 999 1953 excogitandum
1043 1916 1118 1942 nec
1157 1903 1428 1942 Romanarum

19 1986 39 2019 gg
97 1979 225 2006 rerum
264 1967 474 2007 immemor
506 1975 546 2007 et
577 1967 706 2007 verbis
745 1969 896 2007 solutus
928 1967 1046 2017 satis3
1087 1969 1158 2007 sed
1189 1967 1229 2006 in
1264 1981 1428 2019 magnos

34 2035 35 2038 ’
97 2039 269 2071 oratores
288 2032 479 2071 inciderat
499 2031 583 2071 eius
602 2041 710 2071 aetas
725 2047 735 2081 3
765 2034 929 2071 multam
955 2040 1089 2072 tamen
1109 2046 1270 2084 operam
1289 2033 1427 2072 amicis

96 2103 135 2136 et
155 2096 290 2136 utilem
311 2097 502 2148 praebuit,
523 2105 643 2149 atque
672 2097 726 2136 ita
749 2097 818 2137 diu
837 2097 931 2136 vixit
951 2104 994 2137 ut
1014 2099 1225 2136 multarum
1251 2106 1425 2138 aetatum

1459 902 1511 942 47

1463 961 1524 996 173

194 2208 258 2226 cum

139 2243 157 2273 7
178 2244 280 2274 quom
302 2232 477 2266 B¹H¹M12
509 2245 610 2275 quom
636 2234 689 2266 F:
722 2234 893 2276 quomodo
921 2234 984 2266 OG
1086 2234 1246 2268 omnium.
1296 2235 1363 2277 Sic,
1390 2240 1426 2267 ut

93 2277 217 2317 opinor
238 2277 423 2309 Friedrich:
455 2279 607 2310 Omnino
632 2279 681 2310 sic
707 2278 790 2321 [ut],
807 2279 928 2318 opinor
947 2277 1092 2319 Stangl:
1115 2278 1276 2311 Omnium
1300 2279 1354 2310 hic
1373 2279 1426 2321 [ut

93 2321 218 2361 opinor
238 2321 273 2353 in
290 2321 432 2363 nostris]
449 2321 608 2354 Martha:
631 2323 782 2354 omnium
799 2321 829 2352 L
846 2333 854 2353 ε
876 2322 1015 2353 omnino
1037 2321 1126 2354 codd.
1145 2322 1207 2354 det.
1311 2323 1332 2353 8
1355 2323 1423 2354 illic

96 2363 204 2396 OM':
227 2365 293 2396 illis
312 2364 384 2396 GM
388 2365 395 2381 ¹
411 2377 420 2397 :
442 2366 500 2397 ille
517 2365 546 2397 C
679 2376 701 2407 9
724 2366 758 2397 id
775 2370 829 2397 est
846 2389 854 2397 .
872 2389 880 2397 .
899 2390 907 2398 .
926 2370 1136 2397 revertamur
1149 2366 1218 2398 secl.
1235 2364 1426 2398 Lambinus

27 2439 37 2448 ,
93 2417 136 2448 23
158 2412 194 2440 et
209 2409 388 2440 maledicto
403 2409 472 2441 secl.
491 2409 621 2450 Kayser
727 2420 769 2450 24
793 2409 924 2441 Gellius
940 2414 993 2441 est
1008 2408 1133 2451 Stangl
1241 2419 1283 2450 25
1307 2420 1426 2451 quam-

92 2451 143 2483 vis
153 2451 232 2493 Jeep
248 2463 256 2483 z
277 2462 377 2492 quam
394 2457 431 2484 ut
445 2451 475 2484 L

24 2482 58 2534 ff
134 2504 198 2527 cic.
218 2505 319 2527 nnvr.
1312 2498 1332 2528 4
