1630 2730
662 152 882 192 BRVTVS
1388 151 1440 189 28
1463 157 1523 189 108

104 267 325 308 medioeres
345 274 518 306 oratores
533 281 543 315 3
573 266 646 306 etsi
666 265 798 305 Flacci
817 265 961 316 scripta
987 271 1088 312 sunt,
1111 265 1182 304 sed
1208 271 1252 303 ut
1271 263 1439 303 studiosi

105 333 330 372 litterarum.
371 331 502 371 Flacci
521 339 653 371 autem
673 333 853 370 aemulus
874 333 916 370 P.
933 330 1082 370 Decius
1101 329 1185 378 fuit,
1207 343 1289 368 non
1309 329 1438 367 infans

104 398 169 436 ille
203 397 377 448 quidem,
418 397 488 435 sed
526 403 570 434 ut
605 395 686 434 vita
722 395 778 434 sic
816 395 993 434 oratione
1023 394 1142 434 etiarn
1175 394 1436 433 turbulentus.

104 464 162 501 M.
186 465 338 502 Drusus
368 463 414 502 C.
437 464 492 510 F.‚
515 461 583 512 qui
609 461 650 500 in
675 461 877 500 tribunatu
907 461 952 500 C.
975 461 1201 499 Gracchum
1231 460 1437 508 conlegam
1460 471 1520 505 109

4 524 9 533 '¹
34 530 37 533 ’
67 538 85 570 5
103 528 245 567 iterum
265 528 468 567 tribunum
494 527 617 578 fregit,
639 526 697 565 vir
722 534 762 566 et
781 526 958 566 oratione
977 525 1103 576 gravis
1123 532 1163 564 et
1189 524 1434 572 auctoritate,

103 593 219 644 eique
238 594 415 644 proxime
434 593 645 632 adiunctus
666 593 710 632 C.
735 593 889 630 Drusus
908 592 1024 630 frater
1042 590 1126 629 fuit.
1185 591 1296 628 Tuus
1317 589 1435 628 etiam

102 659 268 709 gentilis,
316 661 447 706 Brute,
490 660 546 697 M.
587 659 748 696 Pennus
790 658 917 695 facete
957 655 1117 707 agitavit
1155 654 1195 694 in
1234 655 1436 693 tribunatu

103 725 148 764 C.
167 725 404 771 Gracchum,
422 725 583 774 paulum
599 730 728 762 aetate
747 723 999 762 antecedens.
1049 721 1140 760 Fuit
1160 720 1267 760 enim
1289 722 1345 759 M.
1365 722 1438 759 Le-

103 788 199 840 pido
227 796 266 828 et
295 790 339 827 L.
363 790 503 828 Oreste
532 787 763 827 consulibus
793 794 978 838 quaestor
1007 787 1222 833 Gracchus,
1255 785 1436 824 tribunus

45 863 84 886 10
104 856 276 903 Pennus,
297 854 400 893 illius
431 854 558 893 Marci
587 853 700 901 filius,
732 853 801 904 qui
830 866 921 892 cum
952 854 1000 902 Q.
1024 851 1140 891 Aelio
1170 853 1310 890 consul
1339 850 1436 899 fuit3

102 921 173 958 sed
194 919 226 958 is
246 919 380 958 omnia
407 932 562 957 summa
582 931 742 968 sperans
768 917 973 956 aedilicius
993 924 1053 956 est
1078 923 1269 955 mortuus.
1329 917 1435 954 Nam

101 985 153 1024 de
181 986 228 1023 T.
252 983 488 1031 Flaminino,
516 997 635 1033 quem
660 983 744 1034 ipse
772 982 864 1031 vidi,
895 982 994 1021 nihil
1023 981 1160 1033 accepi
1188 981 1263 1020 nisi
1293 982 1435 1020 Latine

101 1049 309 1100 diligenter
327 1051 516 1088 locutum.
1452 1090 1476 1117 2

158 1115 237 1154 His
273 1114 451 1154 adiuncti
488 1122 580 1153 sunt
619 1115 663 1154 C.
705 1113 827 1154 Curio
870 1115 928 1151 M.
968 1114 1137 1152 Scaurus
1176 1114 1218 1151 P.
1260 1112 1433 1151 Rutilius
1455 1089 1516 1171 13)

45 1190 85 1222 Ι5
105 1181 149 1221 C.
173 1182 387 1220 Gracchus.
447 1181 510 1218 De
548 1181 695 1218 Scauro
726 1187 764 1218 et
794 1178 946 1217 Rutilio
975 1178 1143 1217 breviter
1170 1177 1261 1217 lieet
1289 1177 1432 1225 dicere,

103 1259 272 1296 quorum
302 1252 440 1284 neuter
468 1244 613 1283 summi
639 1244 803 1283 oratoris
832 1243 970 1283 habuit
998 1245 1169 1291 laudem,
1192 1251 1231 1282 et
1253 1249 1310 1281 est
1335 1251 1435 1282 uter—

102 1325 180 1362 que
200 1311 240 1349 in
261 1310 394 1349 multis
414 1309 541 1350 causis
560 1318 747 1349 versatus.
797 1311 892 1348 Erat
911 1309 952 1347 in
968 1308 1207 1359 quibusdam
1224 1308 1433 1348 laudandis

101 1376 203 1424 viris,
224 1376 342 1415 etiam
372 1375 405 1414 si
433 1375 593 1414 maximi
621 1374 755 1426 ingeni
782 1388 865 1413 non
893 1381 1036 1422 essent,
1058 1373 1272 1424 probabilis
1299 1381 1432 1413 tamen

102 1441 316 1490 industria3
354 1454 596 1492 quamquam
626 1440 687 1479 his
715 1439 878 1491 quidem
908 1453 989 1479 non
1019 1438 1185 1479 omnino
1215 1439 1429 1490 ingenium,

0 1549 2 1554 ⁸
41 1521 84 1546 ιο
102 1509 172 1546 sed
192 1507 404 1547 oratorium
434 1506 635 1557 ingenium
664 1505 800 1545 defuit.
859 1507 1003 1556 Neque
1028 1504 1134 1544 enim
1164 1506 1280 1544 refert
1298 1504 1434 1544 videre

101 1572 198 1623 quid
217 1572 434 1612 dicendum
463 1571 522 1619 sit,
545 1571 619 1610 nisi
639 1571 680 1610 id
709 1584 831 1622 queas
860 1572 987 1610 solute
1014 1578 1053 1609 et
1081 1569 1251 1609 suaviter
1277 1570 1408 1609 dicere
1423 1585 1433 1618 3

101 1650 152 1676 ne
177 1637 219 1676 id
247 1638 409 1688 quidem
439 1636 532 1675 satis
561 1645 630 1683 est,
653 1636 728 1675 nisi
756 1636 797 1675 id
825 1637 936 1686 quod
962 1635 1105 1674 dicitur
1134 1636 1177 1674 fit
1205 1648 1302 1674 voce
1321 1637 1431 1674 voltu

102 1711 293 1753 motuque
313 1701 522 1742 conditius.
581 1701 691 1751 Quid
716 1701 847 1740 dicam
867 1714 968 1751 opus
994 1713 1080 1739 esse
1109 1699 1318 1739 doctrina?
1346 1700 1431 1740 sine
1453 1710 1511 1733 111

103 1781 182 1818 qua
201 1768 319 1807 etiam
340 1768 372 1807 si
391 1767 488 1818 quid
518 1767 621 1806 bene
646 1766 790 1805 dicitur
815 1766 1027 1805 adiuvante
1051 1773 1198 1813 natura,
1222 1772 1356 1804 tamen
1375 1765 1428 1814 id,

0 1865 1 1895 i
43 1848 85 1882 25
103 1833 197 1884 quia
230 1833 391 1872 fortuito
429 1834 482 1880 fit,
523 1845 679 1882 semper
715 1839 894 1882 paratum
932 1844 1018 1870 esse
1056 1844 1137 1870 non
1168 1838 1310 1881 potest.
1381 1833 1430 1870 In

103 1898 237 1938 Scauri
257 1898 445 1945 oratione,
467 1897 654 1948 sapientis
683 1896 856 1935 hominis
885 1903 924 1935 et
951 1895 1056 1942 recti,
1078 1895 1245 1946 gravitas
1274 1909 1431 1935 summa

101 1971 139 2004 et
158 1964 344 2003 naturalis
372 1964 569 2014 quaedam
590 1962 713 2001 inerat
741 1961 963 2010 auctoritaS,
985 1974 1067 2000 non
1096 1969 1139 2000 ut
1164 1974 1334 2008 causam,
1358 1963 1428 2000 sed

143 2077 164 2107 5
189 2068 290 2108 fregit
319 2067 429 2100 Victor.
447 2067 619 2098 Pisanus:
644 2066 722 2098 feeit
738 2064 768 2096 L
878 2076 895 2105 7
922 2065 1030 2097 facete
1046 2065 1259 2097 Lambinus:
1281 2066 1380 2098 facile
1396 2065 1426 2097 L

101 2112 121 2143 8
144 2111 183 2144 C.
201 2112 393 2143 Gracchum
413 2112 550 2151 paulum
565 2111 654 2151 vulg.
673 2121 680 2141 :
705 2110 842 2150 paulum
859 2109 896 2141 C.
917 2109 1105 2141 Gracchum
1124 2108 1154 2140 L
1335 2111 1356 2140 8
1381 2110 1427 2142 M.

0 2190 1 2201 ἵ
53 2177 56 2181 ,
101 2155 181 2187 FO:
208 2156 245 2187 L.
265 2155 293 2187 C
480 2165 501 2194 9
525 2159 560 2185 et
575 2155 643 2184 secl.
666 2155 753 2194 vulg.
926 2163 964 2183 12
991 2153 1179 2184 Flaminino
1198 2152 1281 2184 OG:
1307 2153 1426 2184 Flami·

102 2199 154 2230 nis
171 2199 200 2230 C
366 2199 406 2229 16
429 2203 463 2229 et
480 2203 532 2229 est
550 2202 691 2238 uterque
707 2197 852 2237 Stangl:
876 2201 910 2228 et
926 2201 1069 2236 uterque
1085 2195 1115 2226 L
1132 2208 1140 2227 ε
1162 2201 1197 2228 at
1213 2201 1357 2237 uterque
1374 2203 1428 2229 est

99 2242 236 2273 Martha
394 2252 443 2282 17,
464 2243 502 2272 18
526 2247 623 2272 erant
641 2266 648 2273 .
666 2265 674 2273 .
694 2265 701 2273 .
724 2241 883 2272 laudandi
900 2240 962 2271 viri
979 2241 1088 2276 et,vel
1107 2240 1133 2271 si
1151 2264 1159 2272 .
1180 2265 1186 2271 .
1204 2263 1212 2271 .
1230 2241 1428 2280 probabiles

99 2285 243 2328 Stangl:
267 2291 351 2318 erat.
377 2286 415 2317 In
432 2286 631 2325 quibusdam
648 2284 827 2316 laudandis
843 2283 927 2315 viris
943 2284 1073 2314 etiamsi
1090 2308 1097 2315 .
1118 2308 1126 2316 .
1147 2309 1154 2316 .
1173 2284 1366 2324 probabiles
1382 2285 1427 2316 L:

102 2329 182 2360 Erat
207 2330 241 2360 in
269 2330 467 2369 quibusdam
494 2329 672 2360 laudandis
696 2328 776 2359 viris
802 2352 810 2359 .
830 2337 847 2359 ⁷.
878 2351 887 2359 .
911 2327 1096 2368 probabilis
1122 2332 1234 2359 tamen
1259 2328 1426 2360 industria

99 2372 214 2404 Peter:
237 2379 310 2405 erat
326 2384 333 2404 ε
358 2373 392 2404 in
409 2373 608 2413 qmbusdam
626 2372 783 2403 laudandi
798 2371 861 2402 viri
878 2396 886 2403 .
906 2396 915 2404 .
931 2394 939 2402 .
957 2371 1148 2412 probabiles
1166 2370 1273 2403 Orelli
1383 2382 1426 2405 20

99 2416 284 2448 oratorium
308 2416 379 2447 FH
389 2427 397 2448 :
420 2421 592 2448 oratorum
609 2415 638 2447 C
