1696 2730
409 161 792 202 PARTITIONES
832 160 1169 200 ORATORIAE
1420 169 1457 196 11
1477 171 1519 207 37

129 284 268 324 aestaS‚
298 283 365 315 aut
387 274 481 315 anni
507 282 696 326 tempora,
724 281 767 312 ut
796 272 954 320 mensis,
985 279 1028 311 ut
1057 271 1154 319 dies,
1185 278 1228 310 ut
1257 284 1335 309 nox
1361 271 1458 310 hora

0 383 1 396 1
129 349 353 393 tempestas,
389 354 491 392 quae
523 347 614 379 sunt
646 339 862 388 naturalia3
901 337 1061 377 fortuita
1088 344 1222 376 autem
1255 335 1454 383 sacrificia,

0 397 2 482 ἰ
129 407 218 447 festi
246 406 341 454 dies,
368 405 540 457 nuptiae.
601 407 687 444 Iam
716 406 819 444 facta
848 411 887 443 et
916 410 1080 443 eventus
1106 409 1174 441 aut
1197 401 1338 441 consili
1366 408 1458 440 sunt
1477 398 1518 439 38

129 479 197 512 aut
233 471 533 523 imprudentiae,
574 484 676 522 quae
713 478 772 509 est
809 477 876 508 aut
913 468 955 508 in
987 481 1081 508 casu
1111 474 1180 506 aut
1212 466 1253 505 in
1284 467 1456 517 quadarn

93 549 111 583 5
129 534 252 574 animi
276 534 548 585 per1noti0ne3
576 546 682 581 casu,
703 546 795 572 cum
820 532 932 571 aliter
956 530 1100 570 cecidit
1126 543 1246 580 quam
1276 536 1457 580 putatum

130 607 189 640 est
203 614 214 648 ;
241 599 500 651 permotione,
521 612 613 638 cum
632 605 700 637 aut
720 597 867 637 oblivio
886 604 954 636 aut
973 609 1078 636 error
1097 603 1164 634 aut
1182 594 1315 645 aliqua
1330 602 1458 633 metus

129 672 198 704 aut
227 664 453 716 cupiditatis
479 678 598 704 causa
626 662 830 715 permovit.
889 661 946 701 Sit
974 660 1093 700 etiam
1122 660 1163 698 in
1192 659 1459 710 imprudentia

130 729 341 769 necessitas
370 731 567 781 ponenda.
627 731 777 768 Rerum
805 735 938 767 autem
969 726 1163 765 bonarum
1195 732 1234 764 et
1267 726 1458 763 malarum

130 794 202 834 tria
224 808 367 846 genera
392 802 484 834 sunt
498 809 509 843 3
536 807 628 833 nam
654 801 722 833 aut
740 793 781 832 in
807 792 949 831 animis
975 799 1043 831 aut
1069 791 1109 830 in
1135 789 1366 841 corporibus
1392 797 1460 828 aut

72 872 113 896 10
130 867 238 898 extra
270 873 356 899 esse
392 866 568 910 possunt.
628 861 720 898 Hac
756 858 872 909 igitur
906 856 1067 896 materie
1098 857 1149 895 ad
1182 862 1458 906 argumentum

131 924 310 964 subiecta
337 926 632 975 perlustrandae
654 924 789 967 animo
815 930 944 974 partes
971 928 1084 961 erunt
1109 934 1249 960 omnes
1275 928 1314 959 et
1337 921 1388 959 ad
1417 920 1459 959 id

131 991 240 1040 quod
268 998 404 1041 agetur
433 1004 480 1030 ex
508 989 670 1041 singulis
703 988 931 1028 coniectura
961 987 1164 1038 capienda.
1235 988 1307 1026 Est
1340 985 1458 1025 etiam
1478 994 1519 1029 39

130 1068 254 1106 genus
277 1064 598 1107 argumentorum
621 1055 730 1095 aliud
755 1056 866 1105 quod
891 1067 939 1093 ex
964 1052 1056 1092 facti
1082 1051 1253 1103 vestigiis
1280 1051 1457 1099 sumitur,

130 1128 174 1159 ut
193 1123 316 1160 telum
336 1136 451 1162 cruor
469 1124 618 1162 clamor
639 1119 830 1174 [auditus]
851 1118 1035 1159 titubatio
1050 1117 1288 1168 permutatio
1303 1116 1458 1164 coloris,

71 1199 110 1232 15
132 1186 257 1226 oratio
301 1187 542 1235 inconstans,
585 1195 732 1226 tremor
777 1183 960 1239 [eorum],
999 1184 1165 1223 aliorum
1208 1182 1305 1233 quid
1350 1183 1460 1232 quod

130 1264 248 1291 sensu
268 1252 416 1303 percipi
436 1252 584 1303 possit3
613 1252 744 1300 etiam,
767 1251 799 1291 si
818 1258 1092 1302 praeparatum
1112 1248 1272 1300 aliquid,
1296 1247 1327 1287 si
1354 1260 1461 1286 com-

130 1317 374 1357 municatum
394 1331 484 1357 cum
505 1317 651 1369 aliquo,
673 1317 705 1356 si
724 1324 863 1368 postea
878 1316 1005 1355 visum
1025 1314 1206 1354 auditum
1225 1313 1457 1352 indicatum.

130 1382 224 1422 Veri
252 1382 395 1422 similia
421 1391 555 1423 autem
585 1382 726 1433 partim
755 1382 909 1433 singula
934 1387 1096 1420 movent
1122 1394 1144 1419 e
1168 1392 1240 1419 suo
1266 1379 1456 1429 pondere,
1475 1395 1520 1429 40

132 1448 286 1499 partim,
307 1449 425 1489 etiam
446 1448 478 1488 si
498 1448 681 1488 videntur
700 1461 786 1487 esse
806 1447 945 1498 exigua
970 1459 1039 1497 per
1059 1459 1111 1494 se,
1135 1446 1303 1484 multum
1323 1451 1458 1482 tamen

71 1529 114 1554 ao
134 1527 225 1553 cum
255 1522 347 1553 sunt
374 1521 604 1554 coacervata
632 1513 854 1565 proficiunt.
912 1514 1047 1562 Atque
1074 1510 1115 1550 in
1144 1510 1205 1549 his
1225 1509 1305 1549 veri
1329 1508 1461 1548 simili-

131 1579 206 1618 bus
234 1578 368 1618 insunt
396 1593 478 1618 non
507 1592 727 1629 numquam
756 1578 875 1618 etiam
901 1585 1031 1617 certae
1053 1590 1182 1615 rerum
1212 1582 1251 1614 et
1278 1574 1460 1625 propriae

130 1652 259 1683 notae.
318 1643 535 1683 Maximam
555 1651 687 1683 autem
715 1644 835 1682 fidem
861 1642 954 1682 facit
972 1643 1024 1681 ad
1053 1639 1352 1680 similitudinem
1379 1639 1460 1678 veri

130 1709 300 1760 primum
321 1710 557 1760 exemplum,
573 1708 719 1748 deinde
738 1707 963 1746 introducta
983 1706 1037 1746 rei
1057 1705 1274 1745 similitudo
1288 1719 1299 1754 3
1326 1704 1461 1743 fabula

130 1771 248 1812 etiam
282 1786 364 1811 non
393 1784 624 1822 numquam,
655 1770 729 1810 etsi
757 1770 807 1809 sit
835 1768 1087 1817 incredibilis,
1116 1776 1250 1807 tamen
1275 1766 1460 1806 homines

69 1854 85 1876 2
91 1854 110 1887 5
129 1846 366 1878 commovet.

184 1903 229 1943 C.
253 1902 373 1953 Quid,
395 1901 637 1942 definitionis
657 1914 760 1951 quae
779 1900 878 1940 ratio
897 1907 956 1939 est
975 1907 1014 1939 et
1034 1912 1136 1949 quae
1155 1898 1246 1937 via?
1302 1899 1344 1936 P.
1363 1898 1458 1936 Non

129 1967 297 2008 dubium
326 1975 385 2007 est
411 1967 452 2006 id
478 1966 641 2018 quidem
669 1965 765 2016 quin
796 1964 975 2005 definitio
1003 1977 1146 2015 genere
1175 1964 1394 2002 declaretur
1420 1969 1459 2002 et

130 2033 366 2084 proprietate
395 2034 567 2083 quadam
597 2039 664 2071 aut
693 2030 812 2070 etiam
842 2029 1115 2070 communium
1149 2027 1380 2079 frequentia,
1411 2041 1459 2066 ex

133 2098 277 2149 quibus
297 2097 498 2149 proprium
520 2097 617 2148 quid
637 2096 686 2135 sit
706 2098 870 2136 eluceat.
910 2096 989 2135 Sed
1009 2094 1199 2145 quoniam
1220 2095 1271 2133 de
1290 2092 1459 2144 propriis

71 2177 115 2210 30
131 2163 253 2203 oritur
266 2165 499 2215 plerumque
520 2175 662 2213 magna
682 2160 888 2209 dissensio,
902 2159 1174 2200 definiendum
1195 2172 1314 2210 saepe
1333 2165 1391 2197 est
1411 2171 1459 2197 ex

1477 1879 1522 1909 12

1474 1940 1515 1974 41

177 2277 193 2300 1
216 2277 278 2299 ver
292 2271 405 2298 aestas
421 2271 604 2297 autumnus
618 2264 710 2297 codd.
726 2264 798 2296 dett.
977 2268 1034 2294 aut
1048 2262 1129 2294 anni
1145 2263 1233 2303 vulg.
1252 2273 1260 2293 ε
1283 2266 1319 2292 ut
1334 2262 1415 2293 anni
1427 2261 1462 2292 P

131 2321 151 2351 5
173 2321 271 2351 quam
286 2309 341 2341 P:
366 2320 406 2341 ac
429 2308 519 2342 codd.
545 2309 620 2341 dett.
760 2317 798 2339 12
821 2307 933 2347 agitur
957 2306 990 2338 P
1121 2316 1159 2345 14
1183 2305 1318 2337 auditus
1341 2305 1459 2346 vulga

131 2353 276 2386 eiulatus
303 2354 369 2385 cod.
401 2353 464 2385 Vit.
491 2363 571 2385 corr.
686 2362 725 2392 15
750 2361 869 2383 eorum
892 2350 981 2391 vulg.
1002 2360 1010 2381 :
1042 2354 1078 2381 et
1102 2359 1221 2381 eorum
1249 2349 1339 2380 codd.
1358 2348 1459 2380 dem:

132 2408 178 2429 an
194 2398 369 2438 corporis?
398 2396 559 2428 Friedn'ch
701 2395 844 2427 aliorum
869 2394 950 2435 quid
984 2393 1074 2435 quod
1098 2398 1145 2435 p:
1190 2393 1334 2424 aliorum
1360 2392 1459 2432 quid-

132 2442 212 2481 quid
227 2441 282 2473 P:
305 2440 430 2481 aliquid
445 2441 537 2481 quod
553 2439 643 2480 vulg.

1310 2501 1370 2533 14⁸
