<?xml version="1.0" encoding="UTF-8"?>
<!DOCTYPE html PUBLIC "-//W3C//DTD XHTML 1.0 Transitional//EN"
    "http://www.w3.org/TR/xhtml1/DTD/xhtml1-transitional.dtd">
<html xmlns="http://www.w3.org/1999/xhtml" xml:lang="en" lang="en">
 <head>
  <title>
</title>
<meta http-equiv="Content-Type" content="text/html;charset=utf-8" />
  <meta name='ocr-system' content='tesseract 3.04.00' />
  <meta name='ocr-capabilities' content='ocr_page ocr_carea ocr_par ocr_line ocrx_word'/>
</head>
<body>
  <div class='ocr_page' id='page_1' title='image "./rhetoricarecogno02ciceuoft_0031.png"; bbox 0 0 1630 2730; ppageno 0'>
   <div class='ocr_carea' id='block_1_1' title="bbox 682 166 1518 218">
    <p class='ocr_par' dir='ltr' id='par_1_1' title="bbox 682 166 1518 218">
     <span class='ocr_line' id='line_1_1' title="bbox 682 166 1518 218; baseline 0.001 -14"><span class='ocrx_word' id='word_1_1' title='bbox 682 166 901 205; x_wconf 81' lang='lat' dir='ltr'>BRVTVS</span> <span class='ocrx_word' id='word_1_2' title='bbox 1411 178 1456 215; x_wconf 89' lang='lat'><strong>14</strong></span> <span class='ocrx_word' id='word_1_3' title='bbox 1475 186 1518 218; x_wconf 73' lang='lat'><strong>54</strong></span> 
     </span>
    </p>
   </div>
   <div class='ocr_carea' id='block_1_2' title="bbox 34 277 1517 2216">
    <p class='ocr_par' dir='ltr' id='par_1_2' title="bbox 91 277 1514 849">
     <span class='ocr_line' id='line_1_2' title="bbox 127 277 1455 330; baseline -0.001 -12"><span class='ocrx_word' id='word_1_4' title='bbox 127 292 300 330; x_wconf 89' lang='lat' dir='ltr'><strong>eumque</strong></span> <span class='ocrx_word' id='word_1_5' title='bbox 330 286 521 326; x_wconf 90' lang='lat' dir='ltr'><strong>montem,</strong></span> <span class='ocrx_word' id='word_1_6' title='bbox 554 277 623 328; x_wconf 89' lang='lat' dir='ltr'><strong>qui</strong></span> <span class='ocrx_word' id='word_1_7' title='bbox 656 279 774 317; x_wconf 92' lang='lat' dir='ltr'><strong>Sacer</strong></span> <span class='ocrx_word' id='word_1_8' title='bbox 810 278 1031 328; x_wconf 88' lang='lat' dir='ltr'><strong>appellatus</strong></span> <span class='ocrx_word' id='word_1_9' title='bbox 1065 284 1135 325; x_wconf 91' lang='lat' dir='ltr'><strong>est,</strong></span> <span class='ocrx_word' id='word_1_10' title='bbox 1171 278 1455 328; x_wconf 82' lang='lat' dir='ltr'>occupavisset,</span> 
     </span>
     <span class='ocr_line' id='line_1_3' title="bbox 130 342 1457 394; baseline 0.001 -12"><span class='ocrx_word' id='word_1_11' title='bbox 130 345 186 382; x_wconf 94' lang='lat' dir='ltr'><strong>M.</strong></span> <span class='ocrx_word' id='word_1_12' title='bbox 208 343 410 383; x_wconf 90' lang='lat' dir='ltr'><strong>Valerium</strong></span> <span class='ocrx_word' id='word_1_13' title='bbox 431 342 665 382; x_wconf 88' lang='lat' dir='ltr'><strong>dictatorem</strong></span> <span class='ocrx_word' id='word_1_14' title='bbox 690 343 863 382; x_wconf 91' lang='lat' dir='ltr'><strong>dicendo</strong></span> <span class='ocrx_word' id='word_1_15' title='bbox 883 342 1082 382; x_wconf 87' lang='lat' dir='ltr'><strong>sedavisse</strong></span> <span class='ocrx_word' id='word_1_16' title='bbox 1102 342 1320 382; x_wconf 85' lang='lat' dir='ltr'><strong>discordias</strong></span> <span class='ocrx_word' id='word_1_17' title='bbox 1341 343 1457 394; x_wconf 89' lang='lat' dir='ltr'><strong>eique</strong></span> 
     </span>
     <span class='ocr_line' id='line_1_4' title="bbox 127 408 1455 459; baseline 0 -12"><span class='ocrx_word' id='word_1_18' title='bbox 127 409 181 448; x_wconf 94' lang='lat' dir='ltr'><strong>ob</strong></span> <span class='ocrx_word' id='word_1_19' title='bbox 205 422 293 447; x_wconf 91' lang='lat' dir='ltr'><strong>eam</strong></span> <span class='ocrx_word' id='word_1_20' title='bbox 320 422 402 447; x_wconf 91' lang='lat' dir='ltr'><strong>rem</strong></span> <span class='ocrx_word' id='word_1_21' title='bbox 429 410 600 447; x_wconf 89' lang='lat' dir='ltr'><strong>honores</strong></span> <span class='ocrx_word' id='word_1_22' title='bbox 626 408 891 458; x_wconf 90' lang='lat' dir='ltr'><strong>amplissimos</strong></span> <span class='ocrx_word' id='word_1_23' title='bbox 918 408 1076 447; x_wconf 91' lang='lat' dir='ltr'><strong>habitos</strong></span> <span class='ocrx_word' id='word_1_24' title='bbox 1099 415 1139 447; x_wconf 92' lang='lat' dir='ltr'><strong>et</strong></span> <span class='ocrx_word' id='word_1_25' title='bbox 1165 422 1257 447; x_wconf 89' lang='lat' dir='ltr'><strong>eum</strong></span> <span class='ocrx_word' id='word_1_26' title='bbox 1284 409 1455 459; x_wconf 92' lang='lat' dir='ltr'><strong>primum</strong></span> 
     </span>
     <span class='ocr_line' id='line_1_5' title="bbox 127 473 1456 524; baseline 0.002 -12"><span class='ocrx_word' id='word_1_27' title='bbox 127 474 182 512; x_wconf 95' lang='lat' dir='ltr'><strong>ob</strong></span> <span class='ocrx_word' id='word_1_28' title='bbox 214 487 302 512; x_wconf 88' lang='lat' dir='ltr'><strong>eam</strong></span> <span class='ocrx_word' id='word_1_29' title='bbox 335 473 462 524; x_wconf 89' lang='lat' dir='ltr'><strong>ipsam</strong></span> <span class='ocrx_word' id='word_1_30' title='bbox 498 487 658 512; x_wconf 88' lang='lat' dir='ltr'><strong>causam</strong></span> <span class='ocrx_word' id='word_1_31' title='bbox 693 473 915 512; x_wconf 86' lang='lat' dir='ltr'><strong>Maximum</strong></span> <span class='ocrx_word' id='word_1_32' title='bbox 949 487 1036 512; x_wconf 89' lang='lat' dir='ltr'><strong>esse</strong></span> <span class='ocrx_word' id='word_1_33' title='bbox 1068 475 1321 524; x_wconf 85' lang='lat' dir='ltr'><strong>appellatum.</strong></span> <span class='ocrx_word' id='word_1_34' title='bbox 1393 476 1456 514; x_wconf 87' lang='lat' dir='ltr'><strong>Ne</strong></span> 
     </span>
     <span class='ocr_line' id='line_1_6' title="bbox 91 538 1456 590; baseline 0.001 -13"><span class='ocrx_word' id='word_1_35' title='bbox 91 556 108 588; x_wconf 85' lang='lat'>5</span> <span class='ocrx_word' id='word_1_36' title='bbox 127 540 171 577; x_wconf 90' lang='lat' dir='ltr'><strong>L.</strong></span> <span class='ocrx_word' id='word_1_37' title='bbox 193 538 395 577; x_wconf 85' lang='lat' dir='ltr'><strong>Valerium</strong></span> <span class='ocrx_word' id='word_1_38' title='bbox 416 538 579 589; x_wconf 91' lang='lat' dir='ltr'><strong>quidem</strong></span> <span class='ocrx_word' id='word_1_39' title='bbox 601 538 776 578; x_wconf 91' lang='lat' dir='ltr'><strong>Potitum</strong></span> <span class='ocrx_word' id='word_1_40' title='bbox 802 538 969 577; x_wconf 84' lang='lat' dir='ltr'><strong>arbitror</strong></span> <span class='ocrx_word' id='word_1_41' title='bbox 994 552 1076 578; x_wconf 92' lang='lat' dir='ltr'><strong>non</strong></span> <span class='ocrx_word' id='word_1_42' title='bbox 1102 538 1253 589; x_wconf 87' lang='lat' dir='ltr'><strong>aliquid</strong></span> <span class='ocrx_word' id='word_1_43' title='bbox 1280 540 1456 590; x_wconf 92' lang='lat' dir='ltr'><strong>potuisse</strong></span> 
     </span>
     <span class='ocr_line' id='line_1_7' title="bbox 126 603 1455 655; baseline 0.002 -13"><span class='ocrx_word' id='word_1_44' title='bbox 126 603 310 652; x_wconf 92' lang='lat' dir='ltr'><strong>dicendo,</strong></span> <span class='ocrx_word' id='word_1_45' title='bbox 332 603 400 654; x_wconf 89' lang='lat' dir='ltr'><strong>qui</strong></span> <span class='ocrx_word' id='word_1_46' title='bbox 426 611 516 654; x_wconf 86' lang='lat' dir='ltr'><strong>post</strong></span> <span class='ocrx_word' id='word_1_47' title='bbox 542 603 845 643; x_wconf 89' lang='lat' dir='ltr'><strong>decemviralem</strong></span> <span class='ocrx_word' id='word_1_48' title='bbox 871 603 1061 643; x_wconf 91' lang='lat' dir='ltr'><strong>invidiam</strong></span> <span class='ocrx_word' id='word_1_49' title='bbox 1085 605 1245 655; x_wconf 89' lang='lat' dir='ltr'><strong>plebem</strong></span> <span class='ocrx_word' id='word_1_50' title='bbox 1265 604 1305 643; x_wconf 93' lang='lat' dir='ltr'><strong>in</strong></span> <span class='ocrx_word' id='word_1_51' title='bbox 1326 613 1455 655; x_wconf 86' lang='lat' dir='ltr'><strong>patres</strong></span> 
     </span>
     <span class='ocr_line' id='line_1_8' title="bbox 125 668 1514 720; baseline 0.001 -13"><span class='ocrx_word' id='word_1_52' title='bbox 125 668 328 708; x_wconf 83' lang='lat' dir='ltr'><strong>incitatam</strong></span> <span class='ocrx_word' id='word_1_53' title='bbox 348 669 500 719; x_wconf 88' lang='lat' dir='ltr'><strong>legibus</strong></span> <span class='ocrx_word' id='word_1_54' title='bbox 516 676 555 708; x_wconf 90' lang='lat' dir='ltr'><strong>et</strong></span> <span class='ocrx_word' id='word_1_55' title='bbox 575 668 828 708; x_wconf 91' lang='lat' dir='ltr'><strong>contionibus</strong></span> <span class='ocrx_word' id='word_1_56' title='bbox 844 668 924 708; x_wconf 91' lang='lat' dir='ltr'><strong>suis</strong></span> <span class='ocrx_word' id='word_1_57' title='bbox 945 668 1187 720; x_wconf 83' lang='lat' dir='ltr'><strong>mitigaverit.</strong></span> <span class='ocrx_word' id='word_1_58' title='bbox 1238 671 1455 710; x_wconf 90' lang='lat' dir='ltr'><strong>Possumus</strong></span> <span class='ocrx_word' id='word_1_59' title='bbox 1475 686 1514 718; x_wconf 85' lang='lat'><strong>55</strong></span> 
     </span>
     <span class='ocr_line' id='line_1_9' title="bbox 125 732 1455 784; baseline 0.002 -13"><span class='ocrx_word' id='word_1_60' title='bbox 125 732 301 784; x_wconf 91' lang='lat' dir='ltr'><strong>Appium</strong></span> <span class='ocrx_word' id='word_1_61' title='bbox 323 733 536 773; x_wconf 87' lang='lat' dir='ltr'><strong>Claudium</strong></span> <span class='ocrx_word' id='word_1_62' title='bbox 557 733 746 784; x_wconf 88' lang='lat' dir='ltr'><strong>suspicari</strong></span> <span class='ocrx_word' id='word_1_63' title='bbox 765 733 966 781; x_wconf 91' lang='lat' dir='ltr'><strong>disertum,</strong></span> <span class='ocrx_word' id='word_1_64' title='bbox 982 733 1075 784; x_wconf 88' lang='lat' dir='ltr'><strong>quia</strong></span> <span class='ocrx_word' id='word_1_65' title='bbox 1094 741 1275 773; x_wconf 87' lang='lat' dir='ltr'><strong>senatum</strong></span> <span class='ocrx_word' id='word_1_66' title='bbox 1295 734 1455 773; x_wconf 88' lang='lat' dir='ltr'><strong>iamiam</strong></span> 
     </span>
     <span class='ocr_line' id='line_1_10' title="bbox 125 797 1457 849; baseline 0.002 -13"><span class='ocrx_word' id='word_1_67' title='bbox 125 797 356 837; x_wconf 88' lang='lat' dir='ltr'><strong>inclinatum</strong></span> <span class='ocrx_word' id='word_1_68' title='bbox 386 812 410 838; x_wconf 92' lang='lat' dir='ltr'><strong>a</strong></span> <span class='ocrx_word' id='word_1_69' title='bbox 437 798 573 849; x_wconf 89' lang='lat' dir='ltr'><strong>Pyrrhi</strong></span> <span class='ocrx_word' id='word_1_70' title='bbox 601 812 699 849; x_wconf 88' lang='lat' dir='ltr'><strong>pace</strong></span> <span class='ocrx_word' id='word_1_71' title='bbox 727 798 967 838; x_wconf 82' lang='lat' dir='ltr'><strong>revocaverit</strong></span> <span class='ocrx_word' id='word_1_72' title='bbox 981 813 992 847; x_wconf 77' lang='lat'>3</span> <span class='ocrx_word' id='word_1_73' title='bbox 1020 812 1232 849; x_wconf 89' lang='lat' dir='ltr'><strong>possumus</strong></span> <span class='ocrx_word' id='word_1_74' title='bbox 1257 801 1302 840; x_wconf 93' lang='lat' dir='ltr'><strong>C.</strong></span> <span class='ocrx_word' id='word_1_75' title='bbox 1326 800 1457 839; x_wconf 87' lang='lat' dir='ltr'><strong>Fabri-</strong></span> 
     </span>
    </p>

    <p class='ocr_par' dir='ltr' id='par_1_3' title="bbox 34 857 1456 1045">
     <span class='ocr_line' id='line_1_11' title="bbox 34 857 1455 915; baseline 0 -11"><span class='ocrx_word' id='word_1_76' title='bbox 34 857 38 859; x_wconf 26' lang='lat'><em>*</em></span> <span class='ocrx_word' id='word_1_77' title='bbox 65 871 109 911; x_wconf 71' lang='lat' dir='ltr'><strong>s10</strong></span> <span class='ocrx_word' id='word_1_78' title='bbox 125 862 243 911; x_wconf 91' lang='lat' dir='ltr'><strong>cium,</strong></span> <span class='ocrx_word' id='word_1_79' title='bbox 265 863 357 914; x_wconf 89' lang='lat' dir='ltr'><strong>quia</strong></span> <span class='ocrx_word' id='word_1_80' title='bbox 378 863 427 902; x_wconf 90' lang='lat' dir='ltr'><strong>sit</strong></span> <span class='ocrx_word' id='word_1_81' title='bbox 452 865 503 903; x_wconf 91' lang='lat' dir='ltr'><strong>ad</strong></span> <span class='ocrx_word' id='word_1_82' title='bbox 524 865 716 914; x_wconf 89' lang='lat' dir='ltr'><strong>Pyrrhum</strong></span> <span class='ocrx_word' id='word_1_83' title='bbox 743 865 794 903; x_wconf 91' lang='lat' dir='ltr'><strong>de</strong></span> <span class='ocrx_word' id='word_1_84' title='bbox 821 863 984 914; x_wconf 88' lang='lat' dir='ltr'><strong>captivis</strong></span> <span class='ocrx_word' id='word_1_85' title='bbox 1010 865 1288 915; x_wconf 87' lang='lat' dir='ltr'><strong>recuperandis</strong></span> <span class='ocrx_word' id='word_1_86' title='bbox 1313 865 1455 904; x_wconf 89' lang='lat' dir='ltr'><strong>missus</strong></span> 
     </span>
     <span class='ocr_line' id='line_1_12' title="bbox 126 928 1456 980; baseline 0.002 -14"><span class='ocrx_word' id='word_1_87' title='bbox 126 936 280 976; x_wconf 74' lang='lat' dir='ltr'><strong>orator,</strong></span> <span class='ocrx_word' id='word_1_88' title='bbox 308 928 370 967; x_wconf 94' lang='lat' dir='ltr'><strong>Ti.</strong></span> <span class='ocrx_word' id='word_1_89' title='bbox 387 929 694 977; x_wconf 87' lang='lat' dir='ltr'><strong>Coruncanium,</strong></span> <span class='ocrx_word' id='word_1_90' title='bbox 710 930 819 979; x_wconf 92' lang='lat' dir='ltr'><strong>quod</strong></span> <span class='ocrx_word' id='word_1_91' title='bbox 839 943 887 968; x_wconf 88' lang='lat' dir='ltr'><strong>ex</strong></span> <span class='ocrx_word' id='word_1_92' title='bbox 906 928 1141 980; x_wconf 88' lang='lat' dir='ltr'><strong>pontificum</strong></span> <span class='ocrx_word' id='word_1_93' title='bbox 1162 930 1456 969; x_wconf 86' lang='lat' dir='ltr'><strong>commentariis</strong></span> 
     </span>
     <span class='ocr_line' id='line_1_13' title="bbox 125 993 1452 1045; baseline 0.002 -13"><span class='ocrx_word' id='word_1_94' title='bbox 125 995 242 1044; x_wconf 89' lang='lat' dir='ltr'><strong>longe</strong></span> <span class='ocrx_word' id='word_1_95' title='bbox 279 993 492 1043; x_wconf 90' lang='lat' dir='ltr'><strong>plurimum</strong></span> <span class='ocrx_word' id='word_1_96' title='bbox 530 994 690 1045; x_wconf 85' lang='lat' dir='ltr'><strong>ingenio</strong></span> <span class='ocrx_word' id='word_1_97' title='bbox 723 994 892 1034; x_wconf 87' lang='lat' dir='ltr'><strong>valuisse</strong></span> <span class='ocrx_word' id='word_1_98' title='bbox 925 994 1130 1044; x_wconf 81' lang='lat' dir='ltr'><strong>videatur3</strong></span> <span class='ocrx_word' id='word_1_99' title='bbox 1175 997 1242 1034; x_wconf 90' lang='lat' dir='ltr'><strong>M’.</strong></span> <span class='ocrx_word' id='word_1_100' title='bbox 1276 995 1452 1043; x_wconf 86' lang='lat' dir='ltr'><strong>Curium,</strong></span> 
     </span>
    </p>

    <p class='ocr_par' dir='ltr' id='par_1_4' title="bbox 66 1058 1455 1176">
     <span class='ocr_line' id='line_1_14' title="bbox 66 1058 1453 1110; baseline 0.003 -14"><span class='ocrx_word' id='word_1_101' title='bbox 66 1080 71 1084; x_wconf 91' lang='lat'><strong>·</strong></span> <span class='ocrx_word' id='word_1_102' title='bbox 125 1059 235 1109; x_wconf 91' lang='lat' dir='ltr'><strong>quod</strong></span> <span class='ocrx_word' id='word_1_103' title='bbox 272 1058 304 1097; x_wconf 91' lang='lat' dir='ltr'><strong>is</strong></span> <span class='ocrx_word' id='word_1_104' title='bbox 342 1059 522 1098; x_wconf 87' lang='lat' dir='ltr'><strong>tribunus</strong></span> <span class='ocrx_word' id='word_1_105' title='bbox 564 1059 690 1110; x_wconf 91' lang='lat' dir='ltr'><strong>plebis</strong></span> <span class='ocrx_word' id='word_1_106' title='bbox 732 1059 924 1110; x_wconf 88' lang='lat' dir='ltr'><strong>interrege</strong></span> <span class='ocrx_word' id='word_1_107' title='bbox 961 1060 1095 1110; x_wconf 92' lang='lat' dir='ltr'><strong>Appio</strong></span> <span class='ocrx_word' id='word_1_108' title='bbox 1133 1061 1266 1100; x_wconf 88' lang='lat' dir='ltr'><strong>Caeco</strong></span> <span class='ocrx_word' id='word_1_109' title='bbox 1305 1060 1453 1100; x_wconf 85' lang='lat' dir='ltr'><strong>diserto</strong></span> 
     </span>
     <span class='ocr_line' id='line_1_15' title="bbox 125 1115 1455 1176; baseline 0.002 -14"><span class='ocrx_word' id='word_1_110' title='bbox 125 1123 288 1163; x_wconf 90' lang='lat' dir='ltr'><strong>homine</strong></span> <span class='ocrx_word' id='word_1_111' title='bbox 317 1124 477 1163; x_wconf 87' lang='lat' dir='ltr'><strong>comitia</strong></span> <span class='ocrx_word' id='word_1_112' title='bbox 505 1132 642 1163; x_wconf 86' lang='lat' dir='ltr'><strong>contra</strong></span> <span class='ocrx_word' id='word_1_113' title='bbox 670 1115 775 1175; x_wconf 86' lang='lat' dir='ltr'><strong>leges</strong></span> <span class='ocrx_word' id='word_1_114' title='bbox 805 1126 989 1173; x_wconf 86' lang='lat' dir='ltr'><strong>habente,</strong></span> <span class='ocrx_word' id='word_1_115' title='bbox 1018 1139 1108 1164; x_wconf 89' lang='lat' dir='ltr'><strong>cum</strong></span> <span class='ocrx_word' id='word_1_116' title='bbox 1138 1127 1189 1165; x_wconf 92' lang='lat' dir='ltr'><strong>de</strong></span> <span class='ocrx_word' id='word_1_117' title='bbox 1217 1127 1335 1176; x_wconf 86' lang='lat' dir='ltr'><strong>plebe</strong></span> <span class='ocrx_word' id='word_1_118' title='bbox 1363 1140 1455 1165; x_wconf 93' lang='lat' dir='ltr'><strong>con-</strong></span> 
     </span>
    </p>

    <p class='ocr_par' dir='ltr' id='par_1_5' title="bbox 68 1189 1516 1502">
     <span class='ocr_line' id='line_1_16' title="bbox 68 1189 1453 1242; baseline 0.001 -14"><span class='ocrx_word' id='word_1_119' title='bbox 68 1202 109 1239; x_wconf 64' lang='lat'><strong>‘15</strong></span> <span class='ocrx_word' id='word_1_120' title='bbox 127 1190 252 1228; x_wconf 88' lang='lat' dir='ltr'><strong>sulem</strong></span> <span class='ocrx_word' id='word_1_121' title='bbox 282 1202 363 1228; x_wconf 91' lang='lat' dir='ltr'><strong>non</strong></span> <span class='ocrx_word' id='word_1_122' title='bbox 391 1189 623 1239; x_wconf 84' lang='lat' dir='ltr'><strong>accipiebat,</strong></span> <span class='ocrx_word' id='word_1_123' title='bbox 654 1198 783 1240; x_wconf 89' lang='lat' dir='ltr'><strong>patres</strong></span> <span class='ocrx_word' id='word_1_124' title='bbox 812 1199 904 1229; x_wconf 86' lang='lat' dir='ltr'><strong>ante</strong></span> <span class='ocrx_word' id='word_1_125' title='bbox 932 1198 1112 1230; x_wconf 87' lang='lat' dir='ltr'><strong>auctores</strong></span> <span class='ocrx_word' id='word_1_126' title='bbox 1143 1191 1225 1230; x_wconf 89' lang='lat' dir='ltr'><strong>fieri</strong></span> <span class='ocrx_word' id='word_1_127' title='bbox 1259 1191 1453 1242; x_wconf 83' lang='lat' dir='ltr'><strong>coegerit:</strong></span> 
     </span>
     <span class='ocr_line' id='line_1_17' title="bbox 126 1253 1516 1306; baseline 0.004 -15"><span class='ocrx_word' id='word_1_128' title='bbox 126 1254 235 1304; x_wconf 92' lang='lat' dir='ltr'><strong>quod</strong></span> <span class='ocrx_word' id='word_1_129' title='bbox 269 1253 341 1292; x_wconf 85' lang='lat' dir='ltr'><strong>fuit</strong></span> <span class='ocrx_word' id='word_1_130' title='bbox 374 1267 632 1304; x_wconf 87' lang='lat' dir='ltr'><strong>permagnum</strong></span> <span class='ocrx_word' id='word_1_131' title='bbox 666 1256 847 1294; x_wconf 90' lang='lat' dir='ltr'><strong>nondum</strong></span> <span class='ocrx_word' id='word_1_132' title='bbox 879 1257 964 1306; x_wconf 87' lang='lat' dir='ltr'><strong>lege</strong></span> <span class='ocrx_word' id='word_1_133' title='bbox 1000 1255 1162 1295; x_wconf 88' lang='lat' dir='ltr'><strong>Maenia</strong></span> <span class='ocrx_word' id='word_1_134' title='bbox 1194 1257 1282 1294; x_wconf 87' lang='lat' dir='ltr'><strong>lata.</strong></span> <span class='ocrx_word' id='word_1_135' title='bbox 1341 1256 1453 1295; x_wconf 88' lang='lat' dir='ltr'><strong>Licet</strong></span> <span class='ocrx_word' id='word_1_136' title='bbox 1474 1255 1516 1297; x_wconf 85' lang='lat'><strong>56</strong></span> 
     </span>
     <span class='ocr_line' id='line_1_18' title="bbox 125 1318 1453 1372; baseline 0.002 -16"><span class='ocrx_word' id='word_1_137' title='bbox 125 1318 276 1369; x_wconf 90' lang='lat' dir='ltr'><strong>aliquid</strong></span> <span class='ocrx_word' id='word_1_138' title='bbox 313 1319 432 1358; x_wconf 89' lang='lat' dir='ltr'><strong>etiam</strong></span> <span class='ocrx_word' id='word_1_139' title='bbox 465 1321 517 1358; x_wconf 92' lang='lat' dir='ltr'><strong>de</strong></span> <span class='ocrx_word' id='word_1_140' title='bbox 556 1321 613 1358; x_wconf 94' lang='lat' dir='ltr'><strong>M.</strong></span> <span class='ocrx_word' id='word_1_141' title='bbox 650 1320 778 1371; x_wconf 89' lang='lat' dir='ltr'><strong>Popili</strong></span> <span class='ocrx_word' id='word_1_142' title='bbox 816 1321 975 1372; x_wconf 86' lang='lat' dir='ltr'><strong>ingenio</strong></span> <span class='ocrx_word' id='word_1_143' title='bbox 1014 1321 1214 1372; x_wconf 89' lang='lat' dir='ltr'><strong>suspicari,</strong></span> <span class='ocrx_word' id='word_1_144' title='bbox 1255 1321 1323 1372; x_wconf 87' lang='lat' dir='ltr'><strong>qui</strong></span> <span class='ocrx_word' id='word_1_145' title='bbox 1361 1335 1453 1360; x_wconf 91' lang='lat' dir='ltr'><strong>cum</strong></span> 
     </span>
     <span class='ocr_line' id='line_1_19' title="bbox 125 1385 1453 1438; baseline 0.002 -15"><span class='ocrx_word' id='word_1_146' title='bbox 125 1385 265 1423; x_wconf 92' lang='lat' dir='ltr'><strong>consul</strong></span> <span class='ocrx_word' id='word_1_147' title='bbox 285 1392 388 1423; x_wconf 84' lang='lat' dir='ltr'><strong>esset</strong></span> <span class='ocrx_word' id='word_1_148' title='bbox 414 1386 637 1436; x_wconf 91' lang='lat' dir='ltr'><strong>eodemque</strong></span> <span class='ocrx_word' id='word_1_149' title='bbox 663 1393 842 1436; x_wconf 89' lang='lat' dir='ltr'><strong>tempore</strong></span> <span class='ocrx_word' id='word_1_150' title='bbox 868 1386 1103 1426; x_wconf 90' lang='lat' dir='ltr'><strong>sacrificium</strong></span> <span class='ocrx_word' id='word_1_151' title='bbox 1130 1387 1335 1438; x_wconf 89' lang='lat' dir='ltr'><strong>publicum</strong></span> <span class='ocrx_word' id='word_1_152' title='bbox 1362 1401 1453 1426; x_wconf 89' lang='lat' dir='ltr'><strong>cum</strong></span> 
     </span>
     <span class='ocr_line' id='line_1_20' title="bbox 125 1450 1456 1502; baseline 0.003 -15"><span class='ocrx_word' id='word_1_153' title='bbox 125 1451 239 1488; x_wconf 87' lang='lat' dir='ltr'><strong>laena</strong></span> <span class='ocrx_word' id='word_1_154' title='bbox 266 1450 421 1497; x_wconf 87' lang='lat' dir='ltr'><strong>faceret,</strong></span> <span class='ocrx_word' id='word_1_155' title='bbox 444 1451 553 1500; x_wconf 87' lang='lat' dir='ltr'><strong>quod</strong></span> <span class='ocrx_word' id='word_1_156' title='bbox 582 1458 663 1489; x_wconf 91' lang='lat' dir='ltr'><strong>erat</strong></span> <span class='ocrx_word' id='word_1_157' title='bbox 691 1452 837 1490; x_wconf 86' lang='lat' dir='ltr'><strong>flamen</strong></span> <span class='ocrx_word' id='word_1_158' title='bbox 865 1452 1137 1500; x_wconf 84' lang='lat' dir='ltr'><strong>Carmentalis,</strong></span> <span class='ocrx_word' id='word_1_159' title='bbox 1160 1452 1290 1502; x_wconf 91' lang='lat' dir='ltr'><strong>plebei</strong></span> <span class='ocrx_word' id='word_1_160' title='bbox 1318 1460 1456 1491; x_wconf 88' lang='lat' dir='ltr'><strong>contra</strong></span> 
     </span>
    </p>

    <p class='ocr_par' dir='ltr' id='par_1_6' title="bbox 69 1515 1457 1826">
     <span class='ocr_line' id='line_1_21' title="bbox 69 1515 1456 1566; baseline 0.001 -11"><span class='ocrx_word' id='word_1_161' title='bbox 69 1532 110 1555; x_wconf 72' lang='grc' dir='ltr'><strong>ιο</strong></span> <span class='ocrx_word' id='word_1_162' title='bbox 126 1522 255 1564; x_wconf 87' lang='lat' dir='ltr'><strong>patres</strong></span> <span class='ocrx_word' id='word_1_163' title='bbox 293 1515 559 1555; x_wconf 89' lang='lat' dir='ltr'><strong>concitatione</strong></span> <span class='ocrx_word' id='word_1_164' title='bbox 597 1523 636 1554; x_wconf 89' lang='lat' dir='ltr'><strong>et</strong></span> <span class='ocrx_word' id='word_1_165' title='bbox 673 1516 870 1556; x_wconf 87' lang='lat' dir='ltr'><strong>seditione</strong></span> <span class='ocrx_word' id='word_1_166' title='bbox 912 1517 1102 1566; x_wconf 84' lang='lat' dir='ltr'><strong>nuntiata,</strong></span> <span class='ocrx_word' id='word_1_167' title='bbox 1142 1525 1185 1556; x_wconf 91' lang='lat' dir='ltr'><strong>ut</strong></span> <span class='ocrx_word' id='word_1_168' title='bbox 1223 1525 1305 1556; x_wconf 87' lang='lat' dir='ltr'><strong>erat</strong></span> <span class='ocrx_word' id='word_1_169' title='bbox 1342 1519 1456 1556; x_wconf 87' lang='lat' dir='ltr'><strong>laena</strong></span> 
     </span>
     <span class='ocr_line' id='line_1_22' title="bbox 125 1579 1457 1633; baseline 0.003 -16"><span class='ocrx_word' id='word_1_170' title='bbox 125 1579 292 1618; x_wconf 90' lang='lat' dir='ltr'><strong>amictus</strong></span> <span class='ocrx_word' id='word_1_171' title='bbox 314 1579 366 1619; x_wconf 90' lang='lat' dir='ltr'><strong>ita</strong></span> <span class='ocrx_word' id='word_1_172' title='bbox 386 1580 492 1619; x_wconf 84' lang='lat' dir='ltr'><strong>venit</strong></span> <span class='ocrx_word' id='word_1_173' title='bbox 512 1580 551 1619; x_wconf 90' lang='lat' dir='ltr'><strong>in</strong></span> <span class='ocrx_word' id='word_1_174' title='bbox 572 1581 803 1620; x_wconf 90' lang='lat' dir='ltr'><strong>contionem</strong></span> <span class='ocrx_word' id='word_1_175' title='bbox 830 1582 1149 1633; x_wconf 88' lang='lat' dir='ltr'><strong>seditionemque</strong></span> <span class='ocrx_word' id='word_1_176' title='bbox 1173 1596 1264 1622; x_wconf 92' lang='lat' dir='ltr'><strong>cum</strong></span> <span class='ocrx_word' id='word_1_177' title='bbox 1291 1582 1457 1621; x_wconf 87' lang='lat' dir='ltr'><strong>auctori-</strong></span> 
     </span>
     <span class='ocr_line' id='line_1_23' title="bbox 125 1645 1456 1686; baseline 0.003 -4"><span class='ocrx_word' id='word_1_178' title='bbox 125 1651 206 1683; x_wconf 92' lang='lat' dir='ltr'><strong>tate</strong></span> <span class='ocrx_word' id='word_1_179' title='bbox 233 1652 318 1683; x_wconf 90' lang='lat' dir='ltr'><strong>tum</strong></span> <span class='ocrx_word' id='word_1_180' title='bbox 348 1645 525 1685; x_wconf 88' lang='lat' dir='ltr'><strong>oratione</strong></span> <span class='ocrx_word' id='word_1_181' title='bbox 555 1646 717 1685; x_wconf 89' lang='lat' dir='ltr'><strong>sedavit.</strong></span> <span class='ocrx_word' id='word_1_182' title='bbox 775 1648 854 1686; x_wconf 90' lang='lat' dir='ltr'><strong>Sed</strong></span> <span class='ocrx_word' id='word_1_183' title='bbox 883 1661 951 1686; x_wconf 90' lang='lat' dir='ltr'><strong>eos</strong></span> <span class='ocrx_word' id='word_1_184' title='bbox 981 1655 1154 1686; x_wconf 89' lang='lat' dir='ltr'><strong>oratores</strong></span> <span class='ocrx_word' id='word_1_185' title='bbox 1183 1647 1341 1686; x_wconf 90' lang='lat' dir='ltr'><strong>habitos</strong></span> <span class='ocrx_word' id='word_1_186' title='bbox 1370 1661 1456 1686; x_wconf 90' lang='lat' dir='ltr'><strong>esse</strong></span> 
     </span>
     <span class='ocr_line' id='line_1_24' title="bbox 125 1709 1457 1763; baseline 0.003 -15"><span class='ocrx_word' id='word_1_187' title='bbox 125 1717 193 1748; x_wconf 88' lang='lat' dir='ltr'><strong>aut</strong></span> <span class='ocrx_word' id='word_1_188' title='bbox 222 1709 388 1749; x_wconf 89' lang='lat' dir='ltr'><strong>omnino</strong></span> <span class='ocrx_word' id='word_1_189' title='bbox 416 1718 501 1749; x_wconf 93' lang='lat' dir='ltr'><strong>tum</strong></span> <span class='ocrx_word' id='word_1_190' title='bbox 530 1713 655 1749; x_wconf 91' lang='lat' dir='ltr'><strong>ullum</strong></span> <span class='ocrx_word' id='word_1_191' title='bbox 684 1712 935 1762; x_wconf 88' lang='lat' dir='ltr'><strong>eloquentiae</strong></span> <span class='ocrx_word' id='word_1_192' title='bbox 965 1712 1184 1763; x_wconf 89' lang='lat' dir='ltr'><strong>praemium</strong></span> <span class='ocrx_word' id='word_1_193' title='bbox 1213 1713 1332 1752; x_wconf 84' lang='lat' dir='ltr'><strong>fuisse</strong></span> <span class='ocrx_word' id='word_1_194' title='bbox 1358 1712 1457 1751; x_wconf 91' lang='lat' dir='ltr'><strong>nihil</strong></span> 
     </span>
     <span class='ocr_line' id='line_1_25' title="bbox 126 1775 1457 1826; baseline 0.003 -13"><span class='ocrx_word' id='word_1_195' title='bbox 126 1788 221 1814; x_wconf 91' lang='lat' dir='ltr'><strong>sane</strong></span> <span class='ocrx_word' id='word_1_196' title='bbox 241 1775 338 1813; x_wconf 89' lang='lat' dir='ltr'><strong>mihi</strong></span> <span class='ocrx_word' id='word_1_197' title='bbox 358 1775 497 1826; x_wconf 85' lang='lat' dir='ltr'><strong>legisse</strong></span> <span class='ocrx_word' id='word_1_198' title='bbox 513 1776 649 1815; x_wconf 89' lang='lat' dir='ltr'><strong>videor</strong></span> <span class='ocrx_word' id='word_1_199' title='bbox 665 1792 672 1815; x_wconf 92' lang='lat'><strong>:</strong></span> <span class='ocrx_word' id='word_1_200' title='bbox 702 1784 855 1816; x_wconf 84' lang='lat' dir='ltr'><strong>tantum</strong></span> <span class='ocrx_word' id='word_1_201' title='bbox 876 1779 999 1817; x_wconf 91' lang='lat' dir='ltr'><strong>modo</strong></span> <span class='ocrx_word' id='word_1_202' title='bbox 1015 1778 1243 1817; x_wconf 86' lang='lat' dir='ltr'><strong>coniectura</strong></span> <span class='ocrx_word' id='word_1_203' title='bbox 1262 1779 1387 1817; x_wconf 91' lang='lat' dir='ltr'><strong>ducor</strong></span> <span class='ocrx_word' id='word_1_204' title='bbox 1405 1779 1457 1817; x_wconf 87' lang='lat' dir='ltr'><strong>ad</strong></span> 
     </span>
    </p>

    <p class='ocr_par' dir='ltr' id='par_1_7' title="bbox 70 1840 1517 2155">
     <span class='ocr_line' id='line_1_26' title="bbox 70 1840 1517 1894; baseline 0.002 -14"><span class='ocrx_word' id='word_1_205' title='bbox 70 1857 108 1890; x_wconf 83' lang='lat'><strong>²5</strong></span> <span class='ocrx_word' id='word_1_206' title='bbox 126 1840 422 1891; x_wconf 90' lang='lat' dir='ltr'><strong>suspicandum.</strong></span> <span class='ocrx_word' id='word_1_207' title='bbox 483 1841 637 1880; x_wconf 90' lang='lat' dir='ltr'><strong>Dicitur</strong></span> <span class='ocrx_word' id='word_1_208' title='bbox 663 1842 782 1881; x_wconf 90' lang='lat' dir='ltr'><strong>etiam</strong></span> <span class='ocrx_word' id='word_1_209' title='bbox 802 1844 848 1882; x_wconf 93' lang='lat' dir='ltr'><strong>C.</strong></span> <span class='ocrx_word' id='word_1_210' title='bbox 872 1843 1101 1891; x_wconf 88' lang='lat' dir='ltr'><strong>Flaminius,</strong></span> <span class='ocrx_word' id='word_1_211' title='bbox 1123 1843 1156 1882; x_wconf 92' lang='lat' dir='ltr'><strong>is</strong></span> <span class='ocrx_word' id='word_1_212' title='bbox 1180 1843 1249 1894; x_wconf 91' lang='lat' dir='ltr'><strong>qui</strong></span> <span class='ocrx_word' id='word_1_213' title='bbox 1276 1843 1456 1882; x_wconf 90' lang='lat' dir='ltr'><strong>tribunus</strong></span> <span class='ocrx_word' id='word_1_214' title='bbox 1478 1854 1517 1890; x_wconf 80' lang='lat'><strong>57</strong></span> 
     </span>
     <span class='ocr_line' id='line_1_27' title="bbox 126 1903 1457 1956; baseline 0.004 -14"><span class='ocrx_word' id='word_1_215' title='bbox 126 1903 253 1955; x_wconf 90' lang='lat' dir='ltr'><strong>plebis</strong></span> <span class='ocrx_word' id='word_1_216' title='bbox 283 1905 410 1955; x_wconf 89' lang='lat' dir='ltr'><strong>legem</strong></span> <span class='ocrx_word' id='word_1_217' title='bbox 439 1906 490 1944; x_wconf 89' lang='lat' dir='ltr'><strong>de</strong></span> <span class='ocrx_word' id='word_1_218' title='bbox 519 1919 612 1956; x_wconf 87' lang='lat' dir='ltr'><strong>agro</strong></span> <span class='ocrx_word' id='word_1_219' title='bbox 633 1906 788 1945; x_wconf 90' lang='lat' dir='ltr'><strong>Gallico</strong></span> <span class='ocrx_word' id='word_1_220' title='bbox 817 1914 856 1945; x_wconf 90' lang='lat' dir='ltr'><strong>et</strong></span> <span class='ocrx_word' id='word_1_221' title='bbox 884 1906 1032 1946; x_wconf 92' lang='lat' dir='ltr'><strong>Piceno</strong></span> <span class='ocrx_word' id='word_1_222' title='bbox 1061 1907 1204 1946; x_wconf 89' lang='lat' dir='ltr'><strong>viritim</strong></span> <span class='ocrx_word' id='word_1_223' title='bbox 1234 1908 1457 1948; x_wconf 91' lang='lat' dir='ltr'><strong>dividundo</strong></span> 
     </span>
     <span class='ocr_line' id='line_1_28' title="bbox 127 1969 1457 2022; baseline 0.005 -15"><span class='ocrx_word' id='word_1_224' title='bbox 127 1969 268 2017; x_wconf 91' lang='lat' dir='ltr'><strong>tulerit,</strong></span> <span class='ocrx_word' id='word_1_225' title='bbox 301 1969 368 2020; x_wconf 92' lang='lat' dir='ltr'><strong>qui</strong></span> <span class='ocrx_word' id='word_1_226' title='bbox 399 1972 539 2009; x_wconf 90' lang='lat' dir='ltr'><strong>consul</strong></span> <span class='ocrx_word' id='word_1_227' title='bbox 567 1972 675 2021; x_wconf 88' lang='lat' dir='ltr'><strong>apud</strong></span> <span class='ocrx_word' id='word_1_228' title='bbox 704 1973 1026 2011; x_wconf 90' lang='lat' dir='ltr'><strong>Trasumennum</strong></span> <span class='ocrx_word' id='word_1_229' title='bbox 1055 1972 1105 2012; x_wconf 91' lang='lat' dir='ltr'><strong>sit</strong></span> <span class='ocrx_word' id='word_1_230' title='bbox 1133 1972 1376 2022; x_wconf 88' lang='lat' dir='ltr'><strong>interfectus,</strong></span> <span class='ocrx_word' id='word_1_231' title='bbox 1405 1976 1457 2013; x_wconf 90' lang='lat' dir='ltr'><strong>ad</strong></span> 
     </span>
     <span class='ocr_line' id='line_1_29' title="bbox 127 2035 1456 2086; baseline 0.005 -13"><span class='ocrx_word' id='word_1_232' title='bbox 127 2036 320 2085; x_wconf 92' lang='lat' dir='ltr'><strong>populum</strong></span> <span class='ocrx_word' id='word_1_233' title='bbox 340 2035 509 2075; x_wconf 89' lang='lat' dir='ltr'><strong>valuisse</strong></span> <span class='ocrx_word' id='word_1_234' title='bbox 533 2036 718 2076; x_wconf 89' lang='lat' dir='ltr'><strong>dicendo.</strong></span> <span class='ocrx_word' id='word_1_235' title='bbox 778 2038 827 2086; x_wconf 86' lang='lat' dir='ltr'><strong>Q.</strong></span> <span class='ocrx_word' id='word_1_236' title='bbox 850 2037 969 2076; x_wconf 91' lang='lat' dir='ltr'><strong>etiam</strong></span> <span class='ocrx_word' id='word_1_237' title='bbox 991 2038 1191 2077; x_wconf 86' lang='lat' dir='ltr'><strong>Maximus</strong></span> <span class='ocrx_word' id='word_1_238' title='bbox 1211 2040 1456 2079; x_wconf 87' lang='lat' dir='ltr'><strong>Verrucosus</strong></span> 
     </span>
     <span class='ocr_line' id='line_1_30' title="bbox 127 2100 1457 2155; baseline 0.004 -17"><span class='ocrx_word' id='word_1_239' title='bbox 127 2107 258 2139; x_wconf 88' lang='lat' dir='ltr'><strong>orator</strong></span> <span class='ocrx_word' id='word_1_240' title='bbox 287 2100 446 2139; x_wconf 89' lang='lat' dir='ltr'><strong>habitus</strong></span> <span class='ocrx_word' id='word_1_241' title='bbox 476 2109 535 2140; x_wconf 90' lang='lat' dir='ltr'><strong>est</strong></span> <span class='ocrx_word' id='word_1_242' title='bbox 566 2102 810 2152; x_wconf 88' lang='lat' dir='ltr'><strong>temporibus</strong></span> <span class='ocrx_word' id='word_1_243' title='bbox 842 2102 917 2142; x_wconf 89' lang='lat' dir='ltr'><strong>illis</strong></span> <span class='ocrx_word' id='word_1_244' title='bbox 948 2110 987 2142; x_wconf 93' lang='lat' dir='ltr'><strong>et</strong></span> <span class='ocrx_word' id='word_1_245' title='bbox 1017 2104 1067 2153; x_wconf 86' lang='lat' dir='ltr'><strong>Q.</strong></span> <span class='ocrx_word' id='word_1_246' title='bbox 1098 2105 1297 2152; x_wconf 90' lang='lat' dir='ltr'><strong>Metellus,</strong></span> <span class='ocrx_word' id='word_1_247' title='bbox 1328 2104 1360 2143; x_wconf 93' lang='lat' dir='ltr'><strong>is</strong></span> <span class='ocrx_word' id='word_1_248' title='bbox 1389 2105 1457 2155; x_wconf 90' lang='lat' dir='ltr'><strong>qui</strong></span> 
     </span>
    </p>

    <p class='ocr_par' dir='ltr' id='par_1_8' title="bbox 71 2164 1455 2216">
     <span class='ocr_line' id='line_1_31' title="bbox 71 2164 1455 2216; baseline 0.001 -9"><span class='ocrx_word' id='word_1_249' title='bbox 71 2184 112 2216; x_wconf 77' lang='lat'><strong>30</strong></span> <span class='ocrx_word' id='word_1_250' title='bbox 129 2164 233 2204; x_wconf 89' lang='lat' dir='ltr'><strong>bello</strong></span> <span class='ocrx_word' id='word_1_251' title='bbox 260 2166 412 2205; x_wconf 90' lang='lat' dir='ltr'><strong>Punico</strong></span> <span class='ocrx_word' id='word_1_252' title='bbox 438 2167 616 2206; x_wconf 88' lang='lat' dir='ltr'><strong>secundo</strong></span> <span class='ocrx_word' id='word_1_253' title='bbox 640 2180 731 2206; x_wconf 88' lang='lat' dir='ltr'><strong>curn</strong></span> <span class='ocrx_word' id='word_1_254' title='bbox 756 2168 799 2206; x_wconf 93' lang='lat' dir='ltr'><strong>L.</strong></span> <span class='ocrx_word' id='word_1_255' title='bbox 821 2167 987 2207; x_wconf 90' lang='lat' dir='ltr'><strong>Veturio</strong></span> <span class='ocrx_word' id='word_1_256' title='bbox 1012 2168 1179 2207; x_wconf 89' lang='lat' dir='ltr'><strong>Philone</strong></span> <span class='ocrx_word' id='word_1_257' title='bbox 1205 2170 1345 2208; x_wconf 90' lang='lat' dir='ltr'><strong>consul</strong></span> <span class='ocrx_word' id='word_1_258' title='bbox 1371 2169 1455 2208; x_wconf 87' lang='lat' dir='ltr'><strong>fuit.</strong></span> 
     </span>
    </p>
   </div>
   <div class='ocr_carea' id='block_1_3' title="bbox 128 2268 1459 2399">
    <p class='ocr_par' dir='ltr' id='par_1_9' title="bbox 128 2268 1459 2399">
     <span class='ocr_line' id='line_1_32' title="bbox 171 2268 1459 2313; baseline 0.006 -17"><span class='ocrx_word' id='word_1_259' title='bbox 171 2279 193 2308; x_wconf 93' lang='lat'><strong>9</strong></span> <span class='ocrx_word' id='word_1_260' title='bbox 216 2268 431 2300; x_wconf 75' lang='lat' dir='ltr'><strong>inclinantem</strong></span> <span class='ocrx_word' id='word_1_261' title='bbox 451 2269 574 2301; x_wconf 80' lang='lat' dir='ltr'><strong>maluit</strong></span> <span class='ocrx_word' id='word_1_262' title='bbox 585 2269 676 2302; x_wconf 87' lang='lat' dir='ltr'><strong>Bake</strong></span> <span class='ocrx_word' id='word_1_263' title='bbox 766 2280 804 2301; x_wconf 87' lang='lat'><strong>12</strong></span> <span class='ocrx_word' id='word_1_264' title='bbox 830 2270 885 2302; x_wconf 80' lang='lat' dir='ltr'><strong>M&#39;.</strong></span> <span class='ocrx_word' id='word_1_265' title='bbox 905 2270 1115 2302; x_wconf 82' lang='lat' dir='ltr'><strong>Lambinus:</strong></span> <span class='ocrx_word' id='word_1_266' title='bbox 1140 2271 1184 2303; x_wconf 94' lang='lat' dir='ltr'><strong>M.</strong></span> <span class='ocrx_word' id='word_1_267' title='bbox 1205 2271 1233 2301; x_wconf 95' lang='lat' dir='ltr'><em>L</em></span> <span class='ocrx_word' id='word_1_268' title='bbox 1247 2273 1329 2304; x_wconf 75' lang='lat' dir='ltr'><strong>etsic</strong></span> <span class='ocrx_word' id='word_1_269' title='bbox 1341 2273 1459 2313; x_wconf 84' lang='lat' dir='ltr'><strong>ubique</strong></span> 
     </span>
     <span class='ocr_line' id='line_1_33' title="bbox 132 2311 1459 2356; baseline 0.005 -14"><span class='ocrx_word' id='word_1_270' title='bbox 132 2312 171 2342; x_wconf 85' lang='lat'><strong>16</strong></span> <span class='ocrx_word' id='word_1_271' title='bbox 195 2311 257 2343; x_wconf 80' lang='lat' dir='ltr'><strong>suit</strong></span> <span class='ocrx_word' id='word_1_272' title='bbox 273 2313 361 2354; x_wconf 86' lang='lat' dir='ltr'><strong>vulg.</strong></span> <span class='ocrx_word' id='word_1_273' title='bbox 380 2324 388 2344; x_wconf 89' lang='lat'><strong>:</strong></span> <span class='ocrx_word' id='word_1_274' title='bbox 412 2313 511 2344; x_wconf 83' lang='lat' dir='ltr'><strong>suerit</strong></span> <span class='ocrx_word' id='word_1_275' title='bbox 526 2312 556 2343; x_wconf 94' lang='lat' dir='ltr'><em>L</em></span> <span class='ocrx_word' id='word_1_276' title='bbox 664 2324 703 2353; x_wconf 93' lang='lat'><strong>19</strong></span> <span class='ocrx_word' id='word_1_277' title='bbox 725 2313 823 2345; x_wconf 86' lang='lat' dir='ltr'><strong>laena</strong></span> <span class='ocrx_word' id='word_1_278' title='bbox 845 2313 919 2345; x_wconf 88' lang='lat' dir='ltr'><strong>BH</strong></span> <span class='ocrx_word' id='word_1_279' title='bbox 936 2315 1150 2356; x_wconf 80' lang='lat' dir='ltr'><strong>superscripta</strong></span> <span class='ocrx_word' id='word_1_280' title='bbox 1173 2321 1269 2347; x_wconf 89' lang='lat' dir='ltr'><strong>veste</strong></span> <span class='ocrx_word' id='word_1_281' title='bbox 1357 2327 1400 2347; x_wconf 90' lang='lat'><strong>20</strong></span> <span class='ocrx_word' id='word_1_282' title='bbox 1424 2322 1459 2348; x_wconf 87' lang='lat' dir='ltr'><strong>et</strong></span> 
     </span>
     <span class='ocr_line' id='line_1_34' title="bbox 128 2354 1458 2399; baseline 0.005 -14"><span class='ocrx_word' id='word_1_283' title='bbox 128 2354 296 2387; x_wconf 81' lang='lat' dir='ltr'><strong>seditione</strong></span> <span class='ocrx_word' id='word_1_284' title='bbox 311 2355 379 2387; x_wconf 82' lang='lat' dir='ltr'><strong>secl.</strong></span> <span class='ocrx_word' id='word_1_285' title='bbox 398 2356 529 2388; x_wconf 80' lang='lat' dir='ltr'><strong>Ellendt</strong></span> <span class='ocrx_word' id='word_1_286' title='bbox 614 2367 668 2396; x_wconf 80' lang='lat'><strong>23,</strong></span> <span class='ocrx_word' id='word_1_287' title='bbox 685 2368 727 2396; x_wconf 85' lang='lat'><strong>24</strong></span> <span class='ocrx_word' id='word_1_288' title='bbox 754 2358 835 2390; x_wconf 85' lang='lat' dir='ltr'><strong>mihi</strong></span> <span class='ocrx_word' id='word_1_289' title='bbox 851 2368 934 2389; x_wconf 88' lang='lat' dir='ltr'><strong>sane</strong></span> <span class='ocrx_word' id='word_1_290' title='bbox 952 2358 1037 2389; x_wconf 85' lang='lat' dir='ltr'><strong>nihil</strong></span> <span class='ocrx_word' id='word_1_291' title='bbox 1052 2358 1186 2390; x_wconf 88' lang='lat' dir='ltr'><em>B¹HM</em></span> <span class='ocrx_word' id='word_1_292' title='bbox 1277 2370 1318 2399; x_wconf 87' lang='lat'><strong>27</strong></span> <span class='ocrx_word' id='word_1_293' title='bbox 1343 2359 1458 2393; x_wconf 82' lang='lat' dir='ltr'><strong>tulerit</strong></span> 
     </span>
    </p>
   </div>
   <div class='ocr_carea' id='block_1_4' title="bbox 129 2399 1454 2482">
    <p class='ocr_par' dir='ltr' id='par_1_10' title="bbox 129 2399 1454 2482">
     <span class='ocr_line' id='line_1_35' title="bbox 129 2399 1454 2444; baseline 0.005 -14"><span class='ocrx_word' id='word_1_294' title='bbox 129 2422 137 2430; x_wconf 95' lang='lat'><strong>.</strong></span> <span class='ocrx_word' id='word_1_295' title='bbox 157 2422 165 2430; x_wconf 90' lang='lat'><strong>.</strong></span> <span class='ocrx_word' id='word_1_296' title='bbox 184 2421 194 2430; x_wconf 89' lang='lat'><strong>.</strong></span> <span class='ocrx_word' id='word_1_297' title='bbox 212 2399 257 2430; x_wconf 84' lang='lat' dir='ltr'><strong>sit</strong></span> <span class='ocrx_word' id='word_1_298' title='bbox 284 2399 337 2431; x_wconf 79' lang='lat' dir='ltr'><strong>L:</strong></span> <span class='ocrx_word' id='word_1_299' title='bbox 366 2399 441 2431; x_wconf 85' lang='lat' dir='ltr'><strong>tulit</strong></span> <span class='ocrx_word' id='word_1_300' title='bbox 459 2425 466 2432; x_wconf 93' lang='lat'><strong>.</strong></span> <span class='ocrx_word' id='word_1_301' title='bbox 487 2423 495 2432; x_wconf 90' lang='lat'><strong>.</strong></span> <span class='ocrx_word' id='word_1_302' title='bbox 514 2424 520 2431; x_wconf 96' lang='lat'><strong>.</strong></span> <span class='ocrx_word' id='word_1_303' title='bbox 538 2405 590 2432; x_wconf 87' lang='lat' dir='ltr'><strong>est</strong></span> <span class='ocrx_word' id='word_1_304' title='bbox 616 2400 741 2432; x_wconf 55' lang='lat' dir='ltr'><strong>Schultz</strong></span> <span class='ocrx_word' id='word_1_305' title='bbox 849 2402 1120 2434; x_wconf 84' lang='lat' dir='ltr'><strong>Tarsumennum</strong></span> <span class='ocrx_word' id='word_1_306' title='bbox 1143 2402 1195 2444; x_wconf 87' lang='lat' dir='ltr'><strong>L;</strong></span> <span class='ocrx_word' id='word_1_307' title='bbox 1227 2403 1268 2444; x_wconf 67' lang='lat' dir='ltr'><strong>‘f</strong></span> <span class='ocrx_word' id='word_1_308' title='bbox 1294 2403 1407 2444; x_wconf 77' lang='lat' dir='ltr'><strong>Quint.</strong></span> <span class='ocrx_word' id='word_1_309' title='bbox 1434 2405 1454 2437; x_wconf 91' lang='lat' dir='ltr'><strong>i.</strong></span> 
     </span>
     <span class='ocr_line' id='line_1_36' title="bbox 131 2450 230 2482; baseline 0 0"><span class='ocrx_word' id='word_1_310' title='bbox 131 2451 163 2482; x_wconf 78' lang='lat'><strong>5,</strong></span> <span class='ocrx_word' id='word_1_311' title='bbox 191 2450 230 2482; x_wconf 87' lang='lat'><strong>13</strong></span> 
     </span>
    </p>
   </div>
   <div class='ocr_carea' id='block_1_5' title="bbox 0 0 53 2730">
    <p class='ocr_par' dir='ltr' id='par_1_11' title="bbox 0 0 53 2730">
     <span class='ocr_line' id='line_1_37' title="bbox 0 0 53 2730; baseline 0 0"><span class='ocrx_word' id='word_1_312' title='bbox 0 0 53 2730; x_wconf 95' lang='lat' dir='ltr'><strong> </strong></span> 
     </span>
    </p>
   </div>
  </div>
 </body>
</html>
