1630 2730
106 149 158 190 55
178 154 239 178 202
516 140 575 178 M.
605 139 776 178 TVLLI
805 139 1115 180 CICERONIS

173 259 333 303 ruptum
372 252 561 292 orationis
597 266 733 304 genus.
804 251 1040 292 Inveniebat
1076 250 1193 302 igitur
1229 257 1345 290 acute
1379 250 1512 298 Cotta,

173 318 334 359 dicebat
356 332 453 370 pure
475 332 523 358 ac
548 321 677 358 solute
690 334 700 368 3
730 326 770 358 et
795 326 838 357 ut
863 319 915 357 ad
941 317 1210 356 infirmitatem
1235 318 1402 356 laterum
1428 329 1512 367 per-

174 384 344 423 scienter
370 384 668 424 contentionem
696 397 858 424 omnem
884 383 1096 430 remiserat,
1120 381 1175 421 sic
1201 383 1252 421 ad
1278 380 1418 420 virium
1442 380 1513 419 im-

175 450 431 489 becillitatem
466 450 628 490 dicendi
660 450 994 489 accommodabat
1026 462 1161 499 genus.
1221 446 1333 486 Nihil
1361 453 1443 486 erat
1470 445 1513 485 in

175 515 260 554 eius
280 515 459 554 oratione
478 515 554 554 nisi
574 515 783 563 sincerum,
806 514 904 553 nihil
924 513 1000 552 nisi
1023 513 1173 552 siccum
1200 519 1321 563 atque
1347 524 1488 550 sanum
1503 525 1514 559 3

174 580 354 631 illudque
383 580 611 629 maximum,
627 582 737 631 quod
753 593 845 619 cum
866 578 1124 619 contentione
1147 576 1336 617 orationis
1355 578 1513 616 flectere

175 645 331 685 animos
357 646 535 685 iudicum
559 645 622 684 vix
650 652 785 697 posset
814 659 888 684 nec
915 644 1081 684 omnino
1107 657 1156 683 eo
1182 656 1326 694 genere
1352 642 1511 690 diceret,

175 713 384 750 tractando
410 719 544 751 tamen
564 711 795 762 impellebat
815 718 858 749 ut
883 710 992 749 idem
1018 711 1192 748 facerent
1211 722 1235 747 a
1254 722 1296 747 se
1321 706 1513 747 commoti

96 800 157 831 203
176 778 286 828 quod
305 790 329 815 a
349 776 524 828 Sulpicio
548 776 746 816 concitati.
807 775 897 815 Fuit
917 775 1024 814 enim
1045 773 1242 825 Sulpicius
1261 774 1324 812 vel
1344 772 1514 812 maxime

176 842 367 890 omnium,
402 856 503 893 quos
537 842 699 893 quidem
735 855 808 893 ego
845 840 1076 888 audiverim,
1108 839 1268 891 grandis
1301 846 1351 887 et,
1384 846 1428 878 ut
1460 838 1515 878 ita

176 908 320 956 dicam,
353 907 522 958 tragicus
560 915 700 946 orator.
764 909 854 946 Vox
891 920 983 945 cum
1021 919 1166 956 magna
1198 912 1284 944 tum
1317 903 1447 944 suavis
1476 911 1515 943 et

176 973 387 1024 splendida
401 988 412 1022 3
439 980 572 1024 gestus
599 980 638 1011 et
664 980 796 1011 motus
825 971 1000 1023 corporis
1026 971 1081 1010 ita
1105 978 1295 1010 venustus
1317 978 1362 1009 ut
1380 977 1514 1009 tamen

176 1040 228 1078 ad
254 1040 395 1086 forum,
418 1051 499 1076 non
525 1039 577 1077 ad
605 1051 789 1076 scaenam
816 1036 1018 1076 institutus
1038 1036 1236 1076 videretur
1249 1050 1260 1084 3
1287 1035 1451 1074 incitata
1475 1042 1515 1074 et

175 1103 361 1143 volubilis
382 1116 456 1142 nec
482 1117 529 1142 ea
554 1104 784 1143 redundans
812 1110 947 1142 tamen
970 1116 1045 1141 nec
1071 1101 1349 1141 circumfluens
1376 1100 1511 1140 oratio.

177 1171 365 1210 Crassum
387 1169 451 1208 hic
466 1169 626 1208 volebat
644 1168 786 1208 imitari
801 1183 811 1218 3
841 1170 960 1209 Cotta
980 1168 1152 1208 malebat
1166 1166 1389 1207 Antonium
1402 1181 1414 1216 3
1443 1167 1514 1206 sed

98 1256 160 1287 204
177 1237 229 1275 ab
249 1237 327 1275 hoc
346 1235 404 1274 vis
423 1235 559 1274 aberat
579 1234 742 1282 Antoni,
766 1234 897 1275 Crassi
917 1235 968 1273 ab
988 1233 1056 1273 illo
1075 1235 1198 1285 lepos.
1258 1233 1295 1273 O
1316 1245 1512 1283 magnam,

179 1301 318 1352 inquit,
341 1309 464 1340 artem
483 1304 489 1340 Σ
548 1303 717 1339 Brutus:
747 1300 779 1339 si
799 1300 963 1351 quidem
984 1299 1079 1347 istis,
1102 1313 1194 1338 cum
1218 1298 1364 1338 summi
1384 1305 1516 1337 essent

107 1378 162 1423 56
181 1375 368 1416 oratores,
388 1369 491 1406 duae
520 1380 580 1406 res
607 1366 801 1405 maximae
829 1367 951 1405 altera
978 1365 1090 1404 alteri
1116 1364 1252 1404 defuit.
1310 1366 1446 1415 Atque
1475 1362 1515 1402 in

179 1433 241 1472 his
268 1433 488 1472 oratoribus
514 1432 612 1471 illud
641 1431 1039 1471 animadvertendum
1066 1438 1135 1479 est,
1157 1443 1276 1481 posse
1301 1443 1388 1469 esse
1413 1442 1517 1468 sum-

179 1513 280 1548 mos,
301 1499 369 1550 qui
389 1498 490 1538 inter
509 1512 551 1538 se
571 1497 648 1537 sint
669 1497 890 1537 dissimiles.
950 1496 1061 1536 Nihil
1081 1495 1188 1536 enim
1217 1502 1299 1534 tam
1326 1494 1516 1534 dissimile

179 1578 300 1616 quam
328 1566 448 1604 Cotta
471 1563 658 1615 Sulpicio,
681 1571 720 1603 et
745 1571 911 1614 uterque
936 1561 1170 1613 aequalibus
1196 1561 1276 1600 suis
1301 1560 1516 1612 plurimum

178 1629 381 1681 praestitit.
442 1631 534 1680 Qua
553 1643 594 1668 re
614 1630 691 1668 hoc
711 1628 886 1668 doctoris
906 1627 1169 1678 intellegentis
1196 1634 1256 1666 est
1275 1626 1420 1675 videre,
1436 1639 1517 1677 quo

178 1699 276 1736 ferat
296 1704 435 1735 natura
455 1709 526 1734 sua
545 1708 760 1746 quemque,
780 1702 818 1734 et
838 1708 885 1733 ea
905 1695 1007 1733 duce
1027 1700 1205 1732 utentem
1226 1692 1282 1732 sic
1300 1692 1517 1741 instituere,

178 1770 222 1801 ut
251 1763 467 1801 Isocratem
494 1761 534 1799 in
561 1760 752 1799 acerrimo
779 1759 939 1810 ingenio
963 1757 1219 1810 Theopompi
1245 1765 1284 1797 et
1312 1757 1516 1797 lenissimo

180 1827 332 1878 Ephori
352 1827 497 1866 dixisse
516 1826 704 1865 traditum
725 1833 794 1873 est,
816 1825 927 1864 alteri
947 1839 989 1864 se
1009 1824 1175 1864 calcaria
1193 1823 1383 1863 adhibere
1405 1823 1517 1863 alteri
1562 1838 1574 1845 ·

99 1906 160 1939 205
179 1895 321 1933 frenos.
382 1892 530 1942 Sulpici
559 1891 757 1931 orationes
787 1905 889 1942 quae
917 1892 1105 1938 feruntur,
1133 1903 1200 1929 eas
1228 1896 1319 1940 post
1347 1896 1516 1928 mortem

179 1958 263 1998 eius
293 1957 494 2008 scripsisse
524 1959 565 1995 P.
595 1956 818 1997 Cannutius
847 1964 1007 2007 putatur
1034 1955 1210 2006 aequalis
1240 1968 1362 2003 meus,
1394 1956 1518 1995 homo

180 2032 287 2063 extra
316 2030 495 2061 nostrum
525 2022 706 2061 ordinem
739 2036 830 2061 meo
858 2021 1007 2061 iudicio
1036 2019 1326 2061 disertissimus.
1386 2019 1517 2071 Ipsius

181 2088 331 2140 Sulpici
369 2090 478 2127 nulla
515 2088 640 2127 oratio
678 2095 750 2137 est,
784 2101 983 2139 saepeque
1016 2101 1064 2126 ex
1093 2100 1142 2126 eo
1171 2085 1316 2134 audivi,
1349 2099 1442 2125 cum
1475 2099 1517 2126 se

181 2154 351 2194 scribere
371 2167 501 2204 neque
521 2166 735 2192 consuesse
758 2167 890 2204 neque
915 2166 1032 2204 posse
1058 2152 1216 2191 diceret.
1276 2152 1420 2191 Cottae
1444 2165 1517 2203 pro

229 2269 246 2298 7
271 2269 334 2290 nec
351 2281 358 2289 .
380 2281 387 2288 .
405 2282 413 2290 .
434 2258 563 2289 diceret
572 2257 640 2288 secl.
661 2255 811 2288 Weidner
901 2266 940 2288 10
956 2256 1107 2288 omnium
1125 2254 1201 2286 add.
1214 2254 1305 2286 codd.
1324 2254 1385 2288 det.
1479 2257 1518 2288 18

183 2303 351 2334 maximae
368 2302 458 2334 codd.
477 2302 536 2333 det.
553 2312 559 2331 :
586 2299 772 2332 maximeL
873 2309 913 2341 19
932 2303 1008 2341 post
1021 2300 1103 2331 illud
1121 2298 1199 2330 add.
1218 2299 1356 2340 inquam
1370 2297 1522 2331 Weidner

183 2356 222 2377 21
249 2346 403 2385 Sulpicio
419 2344 448 2375 L
465 2357 472 2376 :
497 2345 638 2385 Sulpicii
657 2345 798 2386 Madvig
918 2354 960 2383 24
983 2348 1018 2375 et
1034 2343 1206 2375 lenissimo
1223 2343 1270 2374 C:
1294 2354 1313 2375 e
1330 2343 1517 2375 denissimo

186 2389 253 2421 Ol:
285 2394 320 2420 et
345 2389 554 2420 lenissimum
583 2388 691 2420 GM1:
726 2392 761 2420 et
786 2387 977 2420 lentissimo
1010 2386 1112 2429 Vogel
1138 2398 1178 2418 ex
1211 2386 1348 2428 Quintil.
1376 2387 1408 2419 ii.
1427 2388 1460 2427 8,
1479 2397 1516 2419 11

183 2444 224 2473 27
249 2434 415 2465 Canutius
430 2433 519 2474 vulg.

1533 526 1550 558 5

1535 855 1574 877 10

1536 1182 1572 1214 15

1538 1510 1578 1532 20

1539 2164 1579 2195 30
