<?xml version="1.0" encoding="UTF-8"?>
<!DOCTYPE html PUBLIC "-//W3C//DTD XHTML 1.0 Transitional//EN"
    "http://www.w3.org/TR/xhtml1/DTD/xhtml1-transitional.dtd">
<html xmlns="http://www.w3.org/1999/xhtml" xml:lang="en" lang="en">
 <head>
  <title>
</title>
<meta http-equiv="Content-Type" content="text/html;charset=utf-8" />
  <meta name='ocr-system' content='tesseract 3.04.00' />
  <meta name='ocr-capabilities' content='ocr_page ocr_carea ocr_par ocr_line ocrx_word'/>
</head>
<body>
  <div class='ocr_page' id='page_1' title='image "./rhetoricarecogno02ciceuoft_0040.png"; bbox 0 0 1630 2730; ppageno 0'>
   <div class='ocr_carea' id='block_1_1' title="bbox 122 129 1119 181">
    <p class='ocr_par' dir='ltr' id='par_1_1' title="bbox 122 129 1119 181">
     <span class='ocr_line' id='line_1_1' title="bbox 122 129 1119 181; baseline 0 -13"><span class='ocrx_word' id='word_1_1' title='bbox 122 139 173 168; x_wconf 86' lang='lat'><strong>22</strong></span> <span class='ocrx_word' id='word_1_2' title='bbox 190 138 232 181; x_wconf 85' lang='lat'><strong>85</strong></span> <span class='ocrx_word' id='word_1_3' title='bbox 520 131 579 170; x_wconf 89' lang='lat' dir='ltr'><strong>M.</strong></span> <span class='ocrx_word' id='word_1_4' title='bbox 608 131 779 169; x_wconf 89' lang='lat' dir='ltr'>TVLLI</span> <span class='ocrx_word' id='word_1_5' title='bbox 809 129 1119 171; x_wconf 76' lang='lat' dir='ltr'>CICERONIS</span> 
     </span>
    </p>
   </div>
   <div class='ocr_carea' id='block_1_2' title="bbox 190 241 1533 620">
    <p class='ocr_par' dir='ltr' id='par_1_2' title="bbox 190 241 1533 620">
     <span class='ocr_line' id='line_1_2' title="bbox 191 241 1527 293; baseline -0.002 -10"><span class='ocrx_word' id='word_1_6' title='bbox 191 258 232 284; x_wconf 90' lang='lat' dir='ltr'><strong>se</strong></span> <span class='ocrx_word' id='word_1_7' title='bbox 252 243 455 292; x_wconf 89' lang='lat' dir='ltr'><strong>accidisse,</strong></span> <span class='ocrx_word' id='word_1_8' title='bbox 476 250 520 282; x_wconf 91' lang='lat' dir='ltr'><strong>ut</strong></span> <span class='ocrx_word' id='word_1_9' title='bbox 539 256 587 282; x_wconf 90' lang='lat' dir='ltr'><strong>ex</strong></span> <span class='ocrx_word' id='word_1_10' title='bbox 610 249 770 282; x_wconf 89' lang='lat' dir='ltr'><strong>senatus</strong></span> <span class='ocrx_word' id='word_1_11' title='bbox 798 243 982 281; x_wconf 90' lang='lat' dir='ltr'><strong>consulto</strong></span> <span class='ocrx_word' id='word_1_12' title='bbox 1009 244 1051 281; x_wconf 90' lang='lat' dir='ltr'><strong>P.</strong></span> <span class='ocrx_word' id='word_1_13' title='bbox 1074 241 1208 293; x_wconf 87' lang='lat' dir='ltr'>Scipio</span> <span class='ocrx_word' id='word_1_14' title='bbox 1237 248 1276 281; x_wconf 90' lang='lat' dir='ltr'><strong>et</strong></span> <span class='ocrx_word' id='word_1_15' title='bbox 1297 243 1347 280; x_wconf 91' lang='lat' dir='ltr'><strong>D.</strong></span> <span class='ocrx_word' id='word_1_16' title='bbox 1370 243 1527 290; x_wconf 90' lang='lat' dir='ltr'><strong>Brutus,</strong></span> 
     </span>
     <span class='ocr_line' id='line_1_3' title="bbox 190 307 1530 361; baseline -0.002 -12"><span class='ocrx_word' id='word_1_17' title='bbox 190 318 233 349; x_wconf 92' lang='lat' dir='ltr'><strong>ut</strong></span> <span class='ocrx_word' id='word_1_18' title='bbox 253 309 405 361; x_wconf 90' lang='lat' dir='ltr'>opinor,</span> <span class='ocrx_word' id='word_1_19' title='bbox 420 310 604 348; x_wconf 90' lang='lat' dir='ltr'><strong>consules</strong></span> <span class='ocrx_word' id='word_1_20' title='bbox 625 309 675 347; x_wconf 91' lang='lat' dir='ltr'><strong>de</strong></span> <span class='ocrx_word' id='word_1_21' title='bbox 695 321 735 347; x_wconf 90' lang='lat' dir='ltr'><strong>re</strong></span> <span class='ocrx_word' id='word_1_22' title='bbox 751 307 874 347; x_wconf 88' lang='lat' dir='ltr'><strong>atroci</strong></span> <span class='ocrx_word' id='word_1_23' title='bbox 893 321 1117 359; x_wconf 88' lang='lat' dir='ltr'><strong>magnaque</strong></span> <span class='ocrx_word' id='word_1_24' title='bbox 1137 314 1381 358; x_wconf 83' lang='lat' dir='ltr'><strong>quaererent.</strong></span> <span class='ocrx_word' id='word_1_25' title='bbox 1423 308 1530 346; x_wconf 88' lang='lat' dir='ltr'><strong>Nam</strong></span> 
     </span>
     <span class='ocr_line' id='line_1_4' title="bbox 191 371 1532 424; baseline -0.004 -9"><span class='ocrx_word' id='word_1_26' title='bbox 191 389 283 415; x_wconf 91' lang='lat' dir='ltr'><strong>curn</strong></span> <span class='ocrx_word' id='word_1_27' title='bbox 303 374 345 413; x_wconf 90' lang='lat' dir='ltr'><strong>in</strong></span> <span class='ocrx_word' id='word_1_28' title='bbox 365 374 461 413; x_wconf 89' lang='lat' dir='ltr'><strong>silva</strong></span> <span class='ocrx_word' id='word_1_29' title='bbox 490 374 569 414; x_wconf 89' lang='lat' dir='ltr'><strong>Sila</strong></span> <span class='ocrx_word' id='word_1_30' title='bbox 588 375 691 413; x_wconf 91' lang='lat' dir='ltr'><strong>facta</strong></span> <span class='ocrx_word' id='word_1_31' title='bbox 721 375 863 413; x_wconf 91' lang='lat' dir='ltr'><strong>caedes</strong></span> <span class='ocrx_word' id='word_1_32' title='bbox 883 381 986 413; x_wconf 90' lang='lat' dir='ltr'><strong>esset</strong></span> <span class='ocrx_word' id='word_1_33' title='bbox 1015 373 1181 424; x_wconf 91' lang='lat' dir='ltr'><strong>notique</strong></span> <span class='ocrx_word' id='word_1_34' title='bbox 1209 372 1392 411; x_wconf 88' lang='lat' dir='ltr'><strong>homines</strong></span> <span class='ocrx_word' id='word_1_35' title='bbox 1416 371 1532 411; x_wconf 90' lang='lat' dir='ltr'><strong>inter—</strong></span> 
     </span>
     <span class='ocr_line' id='line_1_5' title="bbox 190 436 1531 490; baseline -0.003 -10"><span class='ocrx_word' id='word_1_36' title='bbox 190 440 283 480; x_wconf 87' lang='lat' dir='ltr'><strong>fecti</strong></span> <span class='ocrx_word' id='word_1_37' title='bbox 302 439 673 490; x_wconf 83' lang='lat' dir='ltr'><strong>insimulareturque</strong></span> <span class='ocrx_word' id='word_1_38' title='bbox 701 439 859 487; x_wconf 89' lang='lat' dir='ltr'><strong>familia,</strong></span> <span class='ocrx_word' id='word_1_39' title='bbox 874 439 1024 490; x_wconf 86' lang='lat' dir='ltr'><strong>partim</strong></span> <span class='ocrx_word' id='word_1_40' title='bbox 1050 438 1170 478; x_wconf 89' lang='lat' dir='ltr'><strong>etiarn</strong></span> <span class='ocrx_word' id='word_1_41' title='bbox 1193 437 1306 477; x_wconf 90' lang='lat' dir='ltr'><strong>liberi</strong></span> <span class='ocrx_word' id='word_1_42' title='bbox 1332 436 1531 477; x_wconf 89' lang='lat' dir='ltr'><strong>societatis</strong></span> 
     </span>
     <span class='ocr_line' id='line_1_6' title="bbox 192 502 1531 556; baseline -0.003 -10"><span class='ocrx_word' id='word_1_43' title='bbox 192 506 287 553; x_wconf 89' lang='lat' dir='ltr'><strong>eius,</strong></span> <span class='ocrx_word' id='word_1_44' title='bbox 310 519 412 556; x_wconf 90' lang='lat' dir='ltr'><strong>quae</strong></span> <span class='ocrx_word' id='word_1_45' title='bbox 441 505 607 556; x_wconf 88' lang='lat' dir='ltr'><strong>picarias</strong></span> <span class='ocrx_word' id='word_1_46' title='bbox 636 505 687 544; x_wconf 92' lang='lat' dir='ltr'><strong>de</strong></span> <span class='ocrx_word' id='word_1_47' title='bbox 717 506 759 543; x_wconf 91' lang='lat' dir='ltr'><strong>P.</strong></span> <span class='ocrx_word' id='word_1_48' title='bbox 783 504 971 545; x_wconf 91' lang='lat' dir='ltr'><strong>Cornelio</strong></span> <span class='ocrx_word' id='word_1_49' title='bbox 1001 506 1045 543; x_wconf 94' lang='lat' dir='ltr'><strong>L.</strong></span> <span class='ocrx_word' id='word_1_50' title='bbox 1070 503 1271 543; x_wconf 91' lang='lat' dir='ltr'><strong>Mummio</strong></span> <span class='ocrx_word' id='word_1_51' title='bbox 1299 502 1531 542; x_wconf 89' lang='lat' dir='ltr'><strong>censoribus</strong></span> 
     </span>
     <span class='ocr_line' id='line_1_7' title="bbox 192 570 1533 620; baseline -0.002 -10"><span class='ocrx_word' id='word_1_52' title='bbox 192 570 435 619; x_wconf 86' lang='lat' dir='ltr'><strong>redemisset,</strong></span> <span class='ocrx_word' id='word_1_53' title='bbox 459 570 680 610; x_wconf 87' lang='lat' dir='ltr'><strong>decrevisse</strong></span> <span class='ocrx_word' id='word_1_54' title='bbox 700 577 893 617; x_wconf 89' lang='lat' dir='ltr'><strong>senatum,</strong></span> <span class='ocrx_word' id='word_1_55' title='bbox 916 577 960 608; x_wconf 91' lang='lat' dir='ltr'><strong>ut</strong></span> <span class='ocrx_word' id='word_1_56' title='bbox 979 571 1031 609; x_wconf 94' lang='lat' dir='ltr'><strong>de</strong></span> <span class='ocrx_word' id='word_1_57' title='bbox 1057 583 1104 608; x_wconf 89' lang='lat' dir='ltr'><strong>ea</strong></span> <span class='ocrx_word' id='word_1_58' title='bbox 1123 583 1164 609; x_wconf 92' lang='lat' dir='ltr'><strong>re</strong></span> <span class='ocrx_word' id='word_1_59' title='bbox 1187 575 1474 620; x_wconf 86' lang='lat' dir='ltr'><strong>cognoscerent</strong></span> <span class='ocrx_word' id='word_1_60' title='bbox 1493 575 1533 607; x_wconf 87' lang='lat' dir='ltr'><strong>et</strong></span> 
     </span>
    </p>
   </div>
   <div class='ocr_carea' id='block_1_3' title="bbox 132 635 1534 687">
    <p class='ocr_par' dir='ltr' id='par_1_3' title="bbox 132 635 1534 687">
     <span class='ocr_line' id='line_1_8' title="bbox 132 635 1534 687; baseline -0.001 -13"><span class='ocrx_word' id='word_1_61' title='bbox 132 641 174 674; x_wconf 82' lang='lat'><strong>86</strong></span> <span class='ocrx_word' id='word_1_62' title='bbox 194 644 410 676; x_wconf 83' lang='lat' dir='ltr'><strong>statuerent</strong></span> <span class='ocrx_word' id='word_1_63' title='bbox 447 638 643 676; x_wconf 91' lang='lat' dir='ltr'><strong>consules.</strong></span> <span class='ocrx_word' id='word_1_64' title='bbox 702 637 875 676; x_wconf 87' lang='lat' dir='ltr'><strong>Causam</strong></span> <span class='ocrx_word' id='word_1_65' title='bbox 906 649 978 686; x_wconf 92' lang='lat' dir='ltr'><strong>pro</strong></span> <span class='ocrx_word' id='word_1_66' title='bbox 1009 635 1232 687; x_wconf 89' lang='lat' dir='ltr'><strong>publicanis</strong></span> <span class='ocrx_word' id='word_1_67' title='bbox 1263 641 1456 683; x_wconf 89' lang='lat' dir='ltr'><strong>accurate,</strong></span> <span class='ocrx_word' id='word_1_68' title='bbox 1489 641 1534 673; x_wconf 93' lang='lat' dir='ltr'><strong>ut</strong></span> 
     </span>
    </p>
   </div>
   <div class='ocr_carea' id='block_1_4' title="bbox 192 700 1537 1344">
    <p class='ocr_par' dir='ltr' id='par_1_4' title="bbox 192 700 1537 1344">
     <span class='ocr_line' id='line_1_9' title="bbox 193 700 1532 754; baseline -0.002 -12"><span class='ocrx_word' id='word_1_69' title='bbox 193 716 349 754; x_wconf 88' lang='lat' dir='ltr'><strong>semper</strong></span> <span class='ocrx_word' id='word_1_70' title='bbox 377 701 515 741; x_wconf 90' lang='lat' dir='ltr'><strong>solitus</strong></span> <span class='ocrx_word' id='word_1_71' title='bbox 544 709 658 750; x_wconf 88' lang='lat' dir='ltr'><strong>esset,</strong></span> <span class='ocrx_word' id='word_1_72' title='bbox 693 703 972 752; x_wconf 86' lang='lat' dir='ltr'><strong>eleganterque</strong></span> <span class='ocrx_word' id='word_1_73' title='bbox 1001 700 1367 741; x_wconf 85' lang='lat' dir='ltr'><strong>dixisse·Laelium.</strong></span> <span class='ocrx_word' id='word_1_74' title='bbox 1426 701 1532 740; x_wconf 90' lang='lat' dir='ltr'><strong>Cum</strong></span> 
     </span>
     <span class='ocr_line' id='line_1_10' title="bbox 192 765 1533 817; baseline -0.002 -10"><span class='ocrx_word' id='word_1_75' title='bbox 192 770 377 808; x_wconf 89' lang='lat' dir='ltr'><strong>consules</strong></span> <span class='ocrx_word' id='word_1_76' title='bbox 400 782 441 807; x_wconf 88' lang='lat' dir='ltr'><strong>re</strong></span> <span class='ocrx_word' id='word_1_77' title='bbox 464 767 600 807; x_wconf 88' lang='lat' dir='ltr'><strong>audita</strong></span> <span class='ocrx_word' id='word_1_78' title='bbox 621 767 812 806; x_wconf 80' lang='lat' dir='ltr'>AMPLIVS</span> <span class='ocrx_word' id='word_1_79' title='bbox 836 768 887 806; x_wconf 90' lang='lat' dir='ltr'><strong>de</strong></span> <span class='ocrx_word' id='word_1_80' title='bbox 914 766 1055 806; x_wconf 89' lang='lat' dir='ltr'><strong>consili</strong></span> <span class='ocrx_word' id='word_1_81' title='bbox 1081 766 1277 806; x_wconf 86' lang='lat' dir='ltr'><strong>sententia</strong></span> <span class='ocrx_word' id='word_1_82' title='bbox 1304 765 1533 817; x_wconf 89' lang='lat' dir='ltr'><strong>pronuntia-</strong></span> 
     </span>
     <span class='ocr_line' id='line_1_11' title="bbox 192 831 1530 884; baseline -0.001 -12"><span class='ocrx_word' id='word_1_83' title='bbox 192 833 351 881; x_wconf 91' lang='lat' dir='ltr'><strong>vissent,</strong></span> <span class='ocrx_word' id='word_1_84' title='bbox 381 832 518 884; x_wconf 86' lang='lat' dir='ltr'><strong>paucis</strong></span> <span class='ocrx_word' id='word_1_85' title='bbox 556 831 796 883; x_wconf 89' lang='lat' dir='ltr'><strong>interpositis</strong></span> <span class='ocrx_word' id='word_1_86' title='bbox 835 831 976 871; x_wconf 89' lang='lat' dir='ltr'><strong>diebus</strong></span> <span class='ocrx_word' id='word_1_87' title='bbox 1007 831 1150 871; x_wconf 90' lang='lat' dir='ltr'><strong>iterum</strong></span> <span class='ocrx_word' id='word_1_88' title='bbox 1189 831 1369 871; x_wconf 90' lang='lat' dir='ltr'><strong>Laelium</strong></span> <span class='ocrx_word' id='word_1_89' title='bbox 1403 833 1530 871; x_wconf 90' lang='lat' dir='ltr'><strong>multo</strong></span> 
     </span>
     <span class='ocr_line' id='line_1_12' title="bbox 193 897 1533 949; baseline -0.001 -11"><span class='ocrx_word' id='word_1_90' title='bbox 193 898 420 949; x_wconf 87' lang='lat' dir='ltr'><strong>diligentius</strong></span> <span class='ocrx_word' id='word_1_91' title='bbox 441 897 662 949; x_wconf 90' lang='lat' dir='ltr'><strong>meliusque</strong></span> <span class='ocrx_word' id='word_1_92' title='bbox 683 897 827 937; x_wconf 86' lang='lat' dir='ltr'><strong>dixisse</strong></span> <span class='ocrx_word' id='word_1_93' title='bbox 846 897 1070 948; x_wconf 88' lang='lat' dir='ltr'><strong>iterumque</strong></span> <span class='ocrx_word' id='word_1_94' title='bbox 1090 898 1234 937; x_wconf 91' lang='lat' dir='ltr'><strong>eodem</strong></span> <span class='ocrx_word' id='word_1_95' title='bbox 1254 899 1379 937; x_wconf 89' lang='lat' dir='ltr'><strong>modo</strong></span> <span class='ocrx_word' id='word_1_96' title='bbox 1397 911 1420 937; x_wconf 92' lang='lat' dir='ltr'><strong>a</strong></span> <span class='ocrx_word' id='word_1_97' title='bbox 1441 911 1533 937; x_wconf 89' lang='lat' dir='ltr'><strong>con-</strong></span> 
     </span>
     <span class='ocr_line' id='line_1_13' title="bbox 194 963 1535 1015; baseline -0.001 -11"><span class='ocrx_word' id='word_1_98' title='bbox 194 965 346 1004; x_wconf 89' lang='lat' dir='ltr'><strong>sulibus</strong></span> <span class='ocrx_word' id='word_1_99' title='bbox 367 978 450 1004; x_wconf 91' lang='lat' dir='ltr'><strong>rem</strong></span> <span class='ocrx_word' id='word_1_100' title='bbox 479 978 566 1004; x_wconf 92' lang='lat' dir='ltr'><strong>esse</strong></span> <span class='ocrx_word' id='word_1_101' title='bbox 585 965 791 1015; x_wconf 89' lang='lat' dir='ltr'><strong>prolatam.</strong></span> <span class='ocrx_word' id='word_1_102' title='bbox 849 965 956 1002; x_wconf 89' lang='lat' dir='ltr'><strong>Tum</strong></span> <span class='ocrx_word' id='word_1_103' title='bbox 986 963 1178 1012; x_wconf 93' lang='lat' dir='ltr'><strong>Laelium,</strong></span> <span class='ocrx_word' id='word_1_104' title='bbox 1201 977 1294 1003; x_wconf 92' lang='lat' dir='ltr'><strong>cum</strong></span> <span class='ocrx_word' id='word_1_105' title='bbox 1324 977 1416 1003; x_wconf 90' lang='lat' dir='ltr'><strong>eum</strong></span> <span class='ocrx_word' id='word_1_106' title='bbox 1436 963 1535 1004; x_wconf 89' lang='lat' dir='ltr'><strong>socii</strong></span> 
     </span>
     <span class='ocr_line' id='line_1_14' title="bbox 194 1029 1536 1081; baseline -0.001 -11"><span class='ocrx_word' id='word_1_107' title='bbox 194 1032 361 1070; x_wconf 86' lang='lat' dir='ltr'><strong>domurn</strong></span> <span class='ocrx_word' id='word_1_108' title='bbox 389 1029 637 1069; x_wconf 86' lang='lat' dir='ltr'><strong>reduxissent</strong></span> <span class='ocrx_word' id='word_1_109' title='bbox 666 1029 918 1080; x_wconf 85' lang='lat' dir='ltr'><strong>egissentque</strong></span> <span class='ocrx_word' id='word_1_110' title='bbox 945 1029 1088 1080; x_wconf 88' lang='lat' dir='ltr'><strong>gratias</strong></span> <span class='ocrx_word' id='word_1_111' title='bbox 1117 1037 1156 1069; x_wconf 92' lang='lat' dir='ltr'><strong>et</strong></span> <span class='ocrx_word' id='word_1_112' title='bbox 1181 1043 1233 1069; x_wconf 89' lang='lat' dir='ltr'><strong>ne</strong></span> <span class='ocrx_word' id='word_1_113' title='bbox 1258 1029 1536 1081; x_wconf 89' lang='lat' dir='ltr'><strong>defatigaretur</strong></span> 
     </span>
     <span class='ocr_line' id='line_1_15' title="bbox 195 1088 1535 1146; baseline 0 -12"><span class='ocrx_word' id='word_1_114' title='bbox 195 1095 423 1143; x_wconf 88' lang='lat' dir='ltr'><strong>oravissent,</strong></span> <span class='ocrx_word' id='word_1_115' title='bbox 440 1097 619 1134; x_wconf 89' lang='lat' dir='ltr'><strong>locutum</strong></span> <span class='ocrx_word' id='word_1_116' title='bbox 640 1088 800 1134; x_wconf 72' lang='lat' dir='ltr'><strong>esse&#39;ita</strong></span> <span class='ocrx_word' id='word_1_117' title='bbox 817 1110 823 1134; x_wconf 93' lang='lat'>:</span> <span class='ocrx_word' id='word_1_118' title='bbox 854 1108 895 1134; x_wconf 90' lang='lat' dir='ltr'><strong>se</strong></span> <span class='ocrx_word' id='word_1_119' title='bbox 916 1108 1018 1146; x_wconf 88' lang='lat' dir='ltr'><strong>quae</strong></span> <span class='ocrx_word' id='word_1_120' title='bbox 1038 1094 1195 1134; x_wconf 90' lang='lat' dir='ltr'><strong>fecisset</strong></span> <span class='ocrx_word' id='word_1_121' title='bbox 1214 1095 1376 1135; x_wconf 91' lang='lat' dir='ltr'><strong>honoris</strong></span> <span class='ocrx_word' id='word_1_122' title='bbox 1396 1108 1535 1135; x_wconf 87' lang='lat' dir='ltr'><strong>eorum</strong></span> 
     </span>
     <span class='ocr_line' id='line_1_16' title="bbox 195 1161 1534 1212; baseline -0.001 -11"><span class='ocrx_word' id='word_1_123' title='bbox 195 1176 313 1201; x_wconf 89' lang='lat' dir='ltr'><strong>causa</strong></span> <span class='ocrx_word' id='word_1_124' title='bbox 333 1161 511 1201; x_wconf 89' lang='lat' dir='ltr'><strong>studiose</strong></span> <span class='ocrx_word' id='word_1_125' title='bbox 540 1169 803 1212; x_wconf 84' lang='lat' dir='ltr'><strong>accurateque</strong></span> <span class='ocrx_word' id='word_1_126' title='bbox 823 1161 973 1210; x_wconf 90' lang='lat' dir='ltr'><strong>fecisse,</strong></span> <span class='ocrx_word' id='word_1_127' title='bbox 996 1162 1068 1201; x_wconf 92' lang='lat' dir='ltr'><strong>sed</strong></span> <span class='ocrx_word' id='word_1_128' title='bbox 1097 1175 1139 1201; x_wconf 89' lang='lat' dir='ltr'><strong>se</strong></span> <span class='ocrx_word' id='word_1_129' title='bbox 1166 1161 1344 1201; x_wconf 88' lang='lat' dir='ltr'><strong>arbitrari</strong></span> <span class='ocrx_word' id='word_1_130' title='bbox 1372 1175 1534 1201; x_wconf 85' lang='lat' dir='ltr'><strong>causam</strong></span> 
     </span>
     <span class='ocr_line' id='line_1_17' title="bbox 193 1226 1535 1279; baseline 0 -13"><span class='ocrx_word' id='word_1_131' title='bbox 193 1228 300 1266; x_wconf 90' lang='lat' dir='ltr'><strong>illam</strong></span> <span class='ocrx_word' id='word_1_132' title='bbox 331 1241 355 1266; x_wconf 90' lang='lat' dir='ltr'><strong>a</strong></span> <span class='ocrx_word' id='word_1_133' title='bbox 385 1228 465 1266; x_wconf 90' lang='lat' dir='ltr'><strong>Ser.</strong></span> <span class='ocrx_word' id='word_1_134' title='bbox 492 1227 632 1275; x_wconf 90' lang='lat' dir='ltr'><strong>Galba,</strong></span> <span class='ocrx_word' id='word_1_135' title='bbox 664 1228 774 1278; x_wconf 91' lang='lat' dir='ltr'><strong>quod</strong></span> <span class='ocrx_word' id='word_1_136' title='bbox 802 1226 835 1266; x_wconf 90' lang='lat' dir='ltr'><strong>is</strong></span> <span class='ocrx_word' id='word_1_137' title='bbox 868 1226 909 1265; x_wconf 91' lang='lat' dir='ltr'><strong>in</strong></span> <span class='ocrx_word' id='word_1_138' title='bbox 936 1226 1110 1267; x_wconf 93' lang='lat' dir='ltr'><strong>dicendo</strong></span> <span class='ocrx_word' id='word_1_139' title='bbox 1137 1227 1308 1267; x_wconf 88' lang='lat' dir='ltr'><strong>atrocior</strong></span> <span class='ocrx_word' id='word_1_140' title='bbox 1329 1227 1535 1279; x_wconf 90' lang='lat' dir='ltr'><strong>acriorque</strong></span> 
     </span>
     <span class='ocr_line' id='line_1_18' title="bbox 196 1292 1537 1344; baseline 0 -12"><span class='ocrx_word' id='word_1_141' title='bbox 196 1301 310 1341; x_wconf 90' lang='lat' dir='ltr'><strong>esset,</strong></span> <span class='ocrx_word' id='word_1_142' title='bbox 327 1292 481 1343; x_wconf 88' lang='lat' dir='ltr'><strong>gravius</strong></span> <span class='ocrx_word' id='word_1_143' title='bbox 502 1300 541 1332; x_wconf 92' lang='lat' dir='ltr'><strong>et</strong></span> <span class='ocrx_word' id='word_1_144' title='bbox 560 1292 835 1332; x_wconf 89' lang='lat' dir='ltr'><strong>vehementius</strong></span> <span class='ocrx_word' id='word_1_145' title='bbox 855 1306 972 1344; x_wconf 88' lang='lat' dir='ltr'><strong>posse</strong></span> <span class='ocrx_word' id='word_1_146' title='bbox 988 1293 1161 1332; x_wconf 89' lang='lat' dir='ltr'><strong>defendi.</strong></span> <span class='ocrx_word' id='word_1_147' title='bbox 1208 1295 1350 1344; x_wconf 87' lang='lat' dir='ltr'><strong>Itaque</strong></span> <span class='ocrx_word' id='word_1_148' title='bbox 1369 1293 1537 1333; x_wconf 85' lang='lat' dir='ltr'><strong>auctori-</strong></span> 
     </span>
    </p>
   </div>
   <div class='ocr_carea' id='block_1_5' title="bbox 135 1358 1535 1410">
    <p class='ocr_par' dir='ltr' id='par_1_5' title="bbox 135 1358 1535 1410">
     <span class='ocr_line' id='line_1_19' title="bbox 135 1358 1535 1410; baseline 0 -12"><span class='ocrx_word' id='word_1_149' title='bbox 135 1369 176 1410; x_wconf 87' lang='lat'><strong>87</strong></span> <span class='ocrx_word' id='word_1_150' title='bbox 196 1366 276 1398; x_wconf 88' lang='lat' dir='ltr'><strong>tate</strong></span> <span class='ocrx_word' id='word_1_151' title='bbox 298 1359 343 1399; x_wconf 89' lang='lat' dir='ltr'><strong>C.</strong></span> <span class='ocrx_word' id='word_1_152' title='bbox 362 1358 472 1397; x_wconf 89' lang='lat' dir='ltr'><strong>Laeli</strong></span> <span class='ocrx_word' id='word_1_153' title='bbox 492 1358 727 1409; x_wconf 90' lang='lat' dir='ltr'><strong>publicanos</strong></span> <span class='ocrx_word' id='word_1_154' title='bbox 743 1372 903 1397; x_wconf 89' lang='lat' dir='ltr'><strong>causam</strong></span> <span class='ocrx_word' id='word_1_155' title='bbox 919 1358 1108 1398; x_wconf 90' lang='lat' dir='ltr'><strong>detulisse</strong></span> <span class='ocrx_word' id='word_1_156' title='bbox 1126 1359 1179 1398; x_wconf 92' lang='lat' dir='ltr'><strong>ad</strong></span> <span class='ocrx_word' id='word_1_157' title='bbox 1200 1359 1369 1398; x_wconf 88' lang='lat' dir='ltr'><strong>Galbam</strong></span> <span class='ocrx_word' id='word_1_158' title='bbox 1384 1374 1395 1408; x_wconf 81' lang='lat'><em>3</em></span> <span class='ocrx_word' id='word_1_159' title='bbox 1423 1358 1535 1398; x_wconf 88' lang='lat' dir='ltr'><strong>illurn</strong></span> 
     </span>
    </p>
   </div>
   <div class='ocr_carea' id='block_1_6' title="bbox 195 1423 1538 1738">
    <p class='ocr_par' dir='ltr' id='par_1_6' title="bbox 195 1423 1538 1738">
     <span class='ocr_line' id='line_1_20' title="bbox 195 1423 1538 1474; baseline 0.001 -11"><span class='ocrx_word' id='word_1_160' title='bbox 195 1432 340 1472; x_wconf 90' lang='lat' dir='ltr'><strong>autem,</strong></span> <span class='ocrx_word' id='word_1_161' title='bbox 363 1425 474 1474; x_wconf 93' lang='lat' dir='ltr'><strong>quod</strong></span> <span class='ocrx_word' id='word_1_162' title='bbox 499 1423 535 1463; x_wconf 90' lang='lat' dir='ltr'><strong>ei</strong></span> <span class='ocrx_word' id='word_1_163' title='bbox 555 1424 638 1463; x_wconf 89' lang='lat' dir='ltr'><strong>viro</strong></span> <span class='ocrx_word' id='word_1_164' title='bbox 662 1425 962 1464; x_wconf 89' lang='lat' dir='ltr'><strong>succedendum</strong></span> <span class='ocrx_word' id='word_1_165' title='bbox 982 1432 1095 1472; x_wconf 86' lang='lat' dir='ltr'><strong>esset,</strong></span> <span class='ocrx_word' id='word_1_166' title='bbox 1117 1425 1342 1464; x_wconf 90' lang='lat' dir='ltr'><strong>verecunde</strong></span> <span class='ocrx_word' id='word_1_167' title='bbox 1365 1432 1405 1464; x_wconf 90' lang='lat' dir='ltr'><strong>et</strong></span> <span class='ocrx_word' id='word_1_168' title='bbox 1424 1424 1538 1464; x_wconf 91' lang='lat' dir='ltr'><strong>dubi-</strong></span> 
     </span>
     <span class='ocr_line' id='line_1_21' title="bbox 195 1489 1535 1541; baseline 0 -12"><span class='ocrx_word' id='word_1_169' title='bbox 195 1498 323 1530; x_wconf 91' lang='lat' dir='ltr'><strong>tanter</strong></span> <span class='ocrx_word' id='word_1_170' title='bbox 359 1489 565 1541; x_wconf 86' lang='lat' dir='ltr'><strong>recepisse.</strong></span> <span class='ocrx_word' id='word_1_171' title='bbox 623 1492 760 1528; x_wconf 91' lang='lat' dir='ltr'><strong>Vnum</strong></span> <span class='ocrx_word' id='word_1_172' title='bbox 794 1489 907 1541; x_wconf 89' lang='lat' dir='ltr'><strong>quasi</strong></span> <span class='ocrx_word' id='word_1_173' title='bbox 944 1490 1320 1541; x_wconf 88' lang='lat' dir='ltr'><strong>comperendinatus</strong></span> <span class='ocrx_word' id='word_1_174' title='bbox 1357 1491 1535 1530; x_wconf 89' lang='lat' dir='ltr'><strong>medium</strong></span> 
     </span>
     <span class='ocr_line' id='line_1_22' title="bbox 196 1555 1538 1606; baseline 0.001 -11"><span class='ocrx_word' id='word_1_175' title='bbox 196 1555 303 1596; x_wconf 90' lang='lat' dir='ltr'><strong>diem</strong></span> <span class='ocrx_word' id='word_1_176' title='bbox 334 1555 466 1604; x_wconf 81' lang='lat' dir='ltr'><strong>fuisse,</strong></span> <span class='ocrx_word' id='word_1_177' title='bbox 500 1569 621 1606; x_wconf 91' lang='lat' dir='ltr'><strong>quem</strong></span> <span class='ocrx_word' id='word_1_178' title='bbox 652 1562 782 1595; x_wconf 89' lang='lat' dir='ltr'><strong>toturn</strong></span> <span class='ocrx_word' id='word_1_179' title='bbox 814 1556 984 1595; x_wconf 88' lang='lat' dir='ltr'><strong>Galbam</strong></span> <span class='ocrx_word' id='word_1_180' title='bbox 1016 1555 1056 1594; x_wconf 91' lang='lat' dir='ltr'><strong>in</strong></span> <span class='ocrx_word' id='word_1_181' title='bbox 1095 1555 1386 1595; x_wconf 89' lang='lat' dir='ltr'><strong>consideranda</strong></span> <span class='ocrx_word' id='word_1_182' title='bbox 1418 1569 1538 1596; x_wconf 86' lang='lat' dir='ltr'><strong>causa</strong></span> 
     </span>
     <span class='ocr_line' id='line_1_23' title="bbox 196 1621 1538 1673; baseline 0 -12"><span class='ocrx_word' id='word_1_183' title='bbox 196 1622 558 1673; x_wconf 87' lang='lat' dir='ltr'><strong>componendaque</strong></span> <span class='ocrx_word' id='word_1_184' title='bbox 591 1621 796 1672; x_wconf 70' lang='lat' dir='ltr'><strong>posuisse,</strong></span> <span class='ocrx_word' id='word_1_185' title='bbox 838 1628 878 1660; x_wconf 90' lang='lat' dir='ltr'><strong>et</strong></span> <span class='ocrx_word' id='word_1_186' title='bbox 915 1635 1007 1660; x_wconf 90' lang='lat' dir='ltr'><strong>cum</strong></span> <span class='ocrx_word' id='word_1_187' title='bbox 1039 1621 1277 1672; x_wconf 88' lang='lat' dir='ltr'><strong>cognitionis</strong></span> <span class='ocrx_word' id='word_1_188' title='bbox 1314 1621 1400 1660; x_wconf 90' lang='lat' dir='ltr'><strong>dies</strong></span> <span class='ocrx_word' id='word_1_189' title='bbox 1433 1622 1538 1661; x_wconf 84' lang='lat' dir='ltr'><strong>esset</strong></span> 
     </span>
     <span class='ocr_line' id='line_1_24' title="bbox 196 1686 1537 1738; baseline -0.001 -11"><span class='ocrx_word' id='word_1_190' title='bbox 196 1694 234 1727; x_wconf 87' lang='lat' dir='ltr'><strong>et</strong></span> <span class='ocrx_word' id='word_1_191' title='bbox 254 1686 338 1738; x_wconf 91' lang='lat' dir='ltr'><strong>ipse</strong></span> <span class='ocrx_word' id='word_1_192' title='bbox 360 1686 534 1726; x_wconf 88' lang='lat' dir='ltr'><strong>Rutilius</strong></span> <span class='ocrx_word' id='word_1_193' title='bbox 563 1694 700 1738; x_wconf 89' lang='lat' dir='ltr'><strong>rogatu</strong></span> <span class='ocrx_word' id='word_1_194' title='bbox 730 1686 929 1726; x_wconf 88' lang='lat' dir='ltr'><strong>sociorum</strong></span> <span class='ocrx_word' id='word_1_195' title='bbox 949 1688 1115 1726; x_wconf 90' lang='lat' dir='ltr'><strong>domum</strong></span> <span class='ocrx_word' id='word_1_196' title='bbox 1145 1687 1197 1726; x_wconf 91' lang='lat' dir='ltr'><strong>ad</strong></span> <span class='ocrx_word' id='word_1_197' title='bbox 1224 1687 1395 1726; x_wconf 89' lang='lat' dir='ltr'><strong>Galbam</strong></span> <span class='ocrx_word' id='word_1_198' title='bbox 1419 1701 1537 1727; x_wconf 92' lang='lat' dir='ltr'><strong>mane</strong></span> 
     </span>
    </p>
   </div>
   <div class='ocr_carea' id='block_1_7' title="bbox 1552 518 1570 551">
    <p class='ocr_par' dir='ltr' id='par_1_7' title="bbox 1552 518 1570 551">
     <span class='ocr_line' id='line_1_25' title="bbox 1552 518 1570 551; baseline 0 0"><span class='ocrx_word' id='word_1_199' title='bbox 1552 518 1570 551; x_wconf 88' lang='lat'><strong>5</strong></span> 
     </span>
    </p>
   </div>
   <div class='ocr_carea' id='block_1_8' title="bbox 1552 845 1593 870">
    <p class='ocr_par' dir='ltr' id='par_1_8' title="bbox 1552 845 1593 870">
     <span class='ocr_line' id='line_1_26' title="bbox 1552 845 1593 870; baseline -0.049 0"><span class='ocrx_word' id='word_1_200' title='bbox 1552 845 1593 870; x_wconf 88' lang='lat'><strong>10</strong></span> 
     </span>
    </p>
   </div>
   <div class='ocr_carea' id='block_1_9' title="bbox 1557 1174 1595 1207">
    <p class='ocr_par' dir='ltr' id='par_1_9' title="bbox 1557 1174 1595 1207">
     <span class='ocr_line' id='line_1_27' title="bbox 1557 1174 1595 1207; baseline 0 0"><span class='ocrx_word' id='word_1_201' title='bbox 1557 1174 1595 1207; x_wconf 82' lang='lat'><strong>15</strong></span> 
     </span>
    </p>
   </div>
   <div class='ocr_carea' id='block_1_10' title="bbox 1557 1501 1597 1525">
    <p class='ocr_par' dir='ltr' id='par_1_10' title="bbox 1557 1501 1597 1525">
     <span class='ocr_line' id='line_1_28' title="bbox 1557 1501 1597 1525; baseline 0.025 -1"><span class='ocrx_word' id='word_1_202' title='bbox 1557 1501 1597 1525; x_wconf 90' lang='lat'><strong>20</strong></span> 
     </span>
    </p>
   </div>
   <div class='ocr_carea' id='block_1_11' title="bbox 194 1752 1564 1804">
    <p class='ocr_par' dir='ltr' id='par_1_11' title="bbox 194 1752 1564 1804">
     <span class='ocr_line' id='line_1_29' title="bbox 194 1752 1564 1804; baseline 0.001 -13"><span class='ocrx_word' id='word_1_203' title='bbox 194 1752 380 1801; x_wconf 92' lang='lat' dir='ltr'><strong>venisset,</strong></span> <span class='ocrx_word' id='word_1_204' title='bbox 396 1758 439 1791; x_wconf 88' lang='lat' dir='ltr'><strong>ut</strong></span> <span class='ocrx_word' id='word_1_205' title='bbox 459 1765 551 1791; x_wconf 92' lang='lat' dir='ltr'><strong>eurn</strong></span> <span class='ocrx_word' id='word_1_206' title='bbox 571 1754 805 1792; x_wconf 89' lang='lat' dir='ltr'><strong>admoneret</strong></span> <span class='ocrx_word' id='word_1_207' title='bbox 825 1760 863 1792; x_wconf 89' lang='lat' dir='ltr'><strong>et</strong></span> <span class='ocrx_word' id='word_1_208' title='bbox 883 1753 934 1792; x_wconf 85' lang='lat' dir='ltr'><strong>ad</strong></span> <span class='ocrx_word' id='word_1_209' title='bbox 955 1752 1116 1792; x_wconf 91' lang='lat' dir='ltr'><strong>dicendi</strong></span> <span class='ocrx_word' id='word_1_210' title='bbox 1135 1760 1293 1804; x_wconf 90' lang='lat' dir='ltr'><strong>tempus</strong></span> <span class='ocrx_word' id='word_1_211' title='bbox 1307 1753 1534 1802; x_wconf 87' lang='lat' dir='ltr'><strong>adduceret,</strong></span> <span class='ocrx_word' id='word_1_212' title='bbox 1558 1800 1564 1804; x_wconf 38' lang='grc'><strong>-</strong></span> 
     </span>
    </p>
   </div>
   <div class='ocr_carea' id='block_1_12' title="bbox 196 1817 1538 2132">
    <p class='ocr_par' dir='ltr' id='par_1_12' title="bbox 196 1817 1538 2132">
     <span class='ocr_line' id='line_1_30' title="bbox 196 1817 1534 1868; baseline 0.001 -12"><span class='ocrx_word' id='word_1_213' title='bbox 196 1831 323 1868; x_wconf 91' lang='lat' dir='ltr'><strong>usque</strong></span> <span class='ocrx_word' id='word_1_214' title='bbox 342 1817 465 1865; x_wconf 90' lang='lat' dir='ltr'><strong>illum,</strong></span> <span class='ocrx_word' id='word_1_215' title='bbox 484 1819 618 1868; x_wconf 90' lang='lat' dir='ltr'><strong>quoad</strong></span> <span class='ocrx_word' id='word_1_216' title='bbox 638 1818 674 1857; x_wconf 92' lang='lat' dir='ltr'><strong>ei</strong></span> <span class='ocrx_word' id='word_1_217' title='bbox 693 1817 920 1857; x_wconf 85' lang='lat' dir='ltr'><strong>nuntiatum</strong></span> <span class='ocrx_word' id='word_1_218' title='bbox 941 1825 1045 1857; x_wconf 89' lang='lat' dir='ltr'><strong>esset</strong></span> <span class='ocrx_word' id='word_1_219' title='bbox 1064 1819 1248 1857; x_wconf 89' lang='lat' dir='ltr'><strong>consules</strong></span> <span class='ocrx_word' id='word_1_220' title='bbox 1268 1818 1534 1868; x_wconf 89' lang='lat' dir='ltr'><strong>descendisse,</strong></span> 
     </span>
     <span class='ocr_line' id='line_1_31' title="bbox 197 1883 1537 1934; baseline 0 -11"><span class='ocrx_word' id='word_1_221' title='bbox 197 1883 384 1923; x_wconf 90' lang='lat' dir='ltr'><strong>omnibus</strong></span> <span class='ocrx_word' id='word_1_222' title='bbox 411 1883 579 1922; x_wconf 85' lang='lat' dir='ltr'><strong>exclusis</strong></span> <span class='ocrx_word' id='word_1_223' title='bbox 608 1891 922 1923; x_wconf 89' lang='lat' dir='ltr'><strong>commentatum</strong></span> <span class='ocrx_word' id='word_1_224' title='bbox 953 1884 994 1922; x_wconf 87' lang='lat' dir='ltr'><strong>in</strong></span> <span class='ocrx_word' id='word_1_225' title='bbox 1023 1885 1197 1934; x_wconf 90' lang='lat' dir='ltr'><strong>quadam</strong></span> <span class='ocrx_word' id='word_1_226' title='bbox 1220 1883 1421 1923; x_wconf 87' lang='lat' dir='ltr'><strong>testudine</strong></span> <span class='ocrx_word' id='word_1_227' title='bbox 1444 1898 1537 1923; x_wconf 89' lang='lat' dir='ltr'><strong>cum</strong></span> 
     </span>
     <span class='ocr_line' id='line_1_32' title="bbox 197 1948 1537 2001; baseline 0.001 -13"><span class='ocrx_word' id='word_1_228' title='bbox 197 1948 316 1988; x_wconf 89' lang='lat' dir='ltr'><strong>servis</strong></span> <span class='ocrx_word' id='word_1_229' title='bbox 354 1948 532 1988; x_wconf 87' lang='lat' dir='ltr'><strong>litteratis</strong></span> <span class='ocrx_word' id='word_1_230' title='bbox 569 1949 701 1998; x_wconf 91' lang='lat' dir='ltr'><strong>fuisse,</strong></span> <span class='ocrx_word' id='word_1_231' title='bbox 741 1964 912 2001; x_wconf 88' lang='lat' dir='ltr'><strong>quorum</strong></span> <span class='ocrx_word' id='word_1_232' title='bbox 951 1951 1026 1989; x_wconf 78' lang='lat' dir='ltr'><strong>alii</strong></span> <span class='ocrx_word' id='word_1_233' title='bbox 1059 1949 1168 1989; x_wconf 92' lang='lat' dir='ltr'><strong>aliud</strong></span> <span class='ocrx_word' id='word_1_234' title='bbox 1205 1949 1355 1989; x_wconf 89' lang='lat' dir='ltr'><strong>dictare</strong></span> <span class='ocrx_word' id='word_1_235' title='bbox 1392 1951 1537 1990; x_wconf 91' lang='lat' dir='ltr'><strong>eodem</strong></span> 
     </span>
     <span class='ocr_line' id='line_1_33' title="bbox 198 2014 1537 2065; baseline 0.001 -12"><span class='ocrx_word' id='word_1_236' title='bbox 198 2022 377 2065; x_wconf 92' lang='lat' dir='ltr'><strong>tempore</strong></span> <span class='ocrx_word' id='word_1_237' title='bbox 414 2014 554 2053; x_wconf 92' lang='lat' dir='ltr'><strong>solitus</strong></span> <span class='ocrx_word' id='word_1_238' title='bbox 592 2022 705 2054; x_wconf 90' lang='lat' dir='ltr'><strong>esset.</strong></span> <span class='ocrx_word' id='word_1_239' title='bbox 765 2015 931 2055; x_wconf 91' lang='lat' dir='ltr'><strong>Interim</strong></span> <span class='ocrx_word' id='word_1_240' title='bbox 969 2029 1061 2055; x_wconf 89' lang='lat' dir='ltr'><strong>cum</strong></span> <span class='ocrx_word' id='word_1_241' title='bbox 1095 2022 1199 2055; x_wconf 89' lang='lat' dir='ltr'><strong>esset</strong></span> <span class='ocrx_word' id='word_1_242' title='bbox 1236 2014 1273 2054; x_wconf 91' lang='lat' dir='ltr'><strong>ei</strong></span> <span class='ocrx_word' id='word_1_243' title='bbox 1309 2015 1537 2055; x_wconf 88' lang='lat' dir='ltr'><strong>nuntiatum</strong></span> 
     </span>
     <span class='ocr_line' id='line_1_34' title="bbox 198 2079 1538 2132; baseline 0.003 -14"><span class='ocrx_word' id='word_1_244' title='bbox 198 2088 356 2130; x_wconf 90' lang='lat' dir='ltr'><strong>tempus</strong></span> <span class='ocrx_word' id='word_1_245' title='bbox 377 2093 474 2127; x_wconf 88' lang='lat' dir='ltr'><strong>esse,</strong></span> <span class='ocrx_word' id='word_1_246' title='bbox 496 2080 621 2119; x_wconf 88' lang='lat' dir='ltr'><strong>exisse</strong></span> <span class='ocrx_word' id='word_1_247' title='bbox 641 2079 682 2119; x_wconf 93' lang='lat' dir='ltr'><strong>in</strong></span> <span class='ocrx_word' id='word_1_248' title='bbox 708 2081 818 2120; x_wconf 90' lang='lat' dir='ltr'><strong>aedis</strong></span> <span class='ocrx_word' id='word_1_249' title='bbox 838 2095 886 2120; x_wconf 92' lang='lat' dir='ltr'><strong>eo</strong></span> <span class='ocrx_word' id='word_1_250' title='bbox 906 2083 1039 2120; x_wconf 91' lang='lat' dir='ltr'><strong>colore</strong></span> <span class='ocrx_word' id='word_1_251' title='bbox 1059 2089 1098 2121; x_wconf 92' lang='lat' dir='ltr'><strong>et</strong></span> <span class='ocrx_word' id='word_1_252' title='bbox 1118 2081 1174 2120; x_wconf 89' lang='lat' dir='ltr'><strong>eis</strong></span> <span class='ocrx_word' id='word_1_253' title='bbox 1194 2080 1330 2129; x_wconf 86' lang='lat' dir='ltr'><strong>oculis,</strong></span> <span class='ocrx_word' id='word_1_254' title='bbox 1348 2088 1391 2120; x_wconf 92' lang='lat' dir='ltr'><strong>ut</strong></span> <span class='ocrx_word' id='word_1_255' title='bbox 1411 2081 1538 2132; x_wconf 90' lang='lat' dir='ltr'><strong>egisse</strong></span> 
     </span>
    </p>
   </div>
   <div class='ocr_carea' id='block_1_13' title="bbox 139 2146 1537 2198">
    <p class='ocr_par' dir='ltr' id='par_1_13' title="bbox 139 2146 1537 2198">
     <span class='ocr_line' id='line_1_35' title="bbox 139 2146 1537 2198; baseline 0.003 -15"><span class='ocrx_word' id='word_1_256' title='bbox 139 2161 180 2191; x_wconf 75' lang='lat' dir='ltr'><strong>gg</strong></span> <span class='ocrx_word' id='word_1_257' title='bbox 200 2158 371 2193; x_wconf 88' lang='lat' dir='ltr'><strong>causam,</strong></span> <span class='ocrx_word' id='word_1_258' title='bbox 394 2159 476 2185; x_wconf 91' lang='lat' dir='ltr'><strong>non</strong></span> <span class='ocrx_word' id='word_1_259' title='bbox 497 2154 811 2186; x_wconf 90' lang='lat' dir='ltr'><strong>commentatum</strong></span> <span class='ocrx_word' id='word_1_260' title='bbox 832 2154 1001 2198; x_wconf 87' lang='lat' dir='ltr'><strong>putares.</strong></span> <span class='ocrx_word' id='word_1_261' title='bbox 1059 2147 1249 2186; x_wconf 87' lang='lat' dir='ltr'><strong>Addebat</strong></span> <span class='ocrx_word' id='word_1_262' title='bbox 1269 2146 1388 2186; x_wconf 88' lang='lat' dir='ltr'><strong>etiam</strong></span> <span class='ocrx_word' id='word_1_263' title='bbox 1414 2146 1537 2198; x_wconf 90' lang='lat' dir='ltr'><strong>idque</strong></span> 
     </span>
    </p>
   </div>
   <div class='ocr_carea' id='block_1_14' title="bbox 198 2249 1539 2423">
    <p class='ocr_par' dir='ltr' id='par_1_14' title="bbox 198 2249 1539 2423">
     <span class='ocr_line' id='line_1_36' title="bbox 242 2249 1537 2288; baseline 0.005 -9"><span class='ocrx_word' id='word_1_264' title='bbox 242 2258 262 2288; x_wconf 87' lang='lat'>3</span> <span class='ocrx_word' id='word_1_265' title='bbox 286 2250 319 2280; x_wconf 92' lang='lat' dir='ltr'><strong>in</strong></span> <span class='ocrx_word' id='word_1_266' title='bbox 351 2250 436 2280; x_wconf 87' lang='lat' dir='ltr'><strong>silva</strong></span> <span class='ocrx_word' id='word_1_267' title='bbox 467 2249 538 2281; x_wconf 87' lang='lat' dir='ltr'><strong>Sila</strong></span> <span class='ocrx_word' id='word_1_268' title='bbox 568 2250 761 2282; x_wconf 81' lang='lat' dir='ltr'><strong>Turnebus:</strong></span> <span class='ocrx_word' id='word_1_269' title='bbox 799 2251 833 2282; x_wconf 91' lang='lat' dir='ltr'><strong>in</strong></span> <span class='ocrx_word' id='word_1_270' title='bbox 863 2251 958 2283; x_wconf 86' lang='lat' dir='ltr'><strong>siuas</strong></span> <span class='ocrx_word' id='word_1_271' title='bbox 982 2252 1029 2283; x_wconf 91' lang='lat' dir='ltr'><strong>ita</strong></span> <span class='ocrx_word' id='word_1_272' title='bbox 1064 2251 1116 2283; x_wconf 89' lang='lat' dir='ltr'><strong>F:</strong></span> <span class='ocrx_word' id='word_1_273' title='bbox 1151 2251 1271 2284; x_wconf 88' lang='lat' dir='ltr'><strong>istiuas</strong></span> <span class='ocrx_word' id='word_1_274' title='bbox 1300 2251 1347 2283; x_wconf 88' lang='lat' dir='ltr'><strong>ita</strong></span> <span class='ocrx_word' id='word_1_275' title='bbox 1373 2251 1537 2286; x_wconf 86' lang='lat' dir='ltr'><strong>BHMG:</strong></span> 
     </span>
     <span class='ocr_line' id='line_1_37' title="bbox 200 2292 1537 2332; baseline 0.004 -9"><span class='ocrx_word' id='word_1_276' title='bbox 200 2293 316 2324; x_wconf 87' lang='lat' dir='ltr'><strong>Stiuas</strong></span> <span class='ocrx_word' id='word_1_277' title='bbox 339 2293 385 2324; x_wconf 91' lang='lat' dir='ltr'><strong>ita</strong></span> <span class='ocrx_word' id='word_1_278' title='bbox 412 2292 442 2324; x_wconf 94' lang='grc' dir='ltr'><em>Ο</em></span> <span class='ocrx_word' id='word_1_279' title='bbox 597 2306 616 2332; x_wconf 83' lang='grc'>4</span> <span class='ocrx_word' id='word_1_280' title='bbox 640 2295 753 2326; x_wconf 88' lang='lat' dir='ltr'><strong>liberti</strong></span> <span class='ocrx_word' id='word_1_281' title='bbox 778 2295 947 2326; x_wconf 77' lang='lat' dir='ltr'><strong>Corradus</strong></span> <span class='ocrx_word' id='word_1_282' title='bbox 1081 2297 1121 2326; x_wconf 91' lang='lat'><strong>16</strong></span> <span class='ocrx_word' id='word_1_283' title='bbox 1143 2296 1293 2327; x_wconf 86' lang='lat' dir='ltr'><strong>atrocior</strong></span> <span class='ocrx_word' id='word_1_284' title='bbox 1317 2296 1454 2328; x_wconf 83' lang='lat' dir='ltr'><strong>Friller:</strong></span> <span class='ocrx_word' id='word_1_285' title='bbox 1477 2297 1537 2328; x_wconf 88' lang='lat' dir='ltr'><strong>ad-</strong></span> 
     </span>
     <span class='ocr_line' id='line_1_38' title="bbox 198 2336 1539 2382; baseline 0.003 -14"><span class='ocrx_word' id='word_1_286' title='bbox 198 2337 317 2368; x_wconf 89' lang='lat' dir='ltr'><strong>hortor</strong></span> <span class='ocrx_word' id='word_1_287' title='bbox 332 2336 362 2366; x_wconf 95' lang='lat' dir='ltr'><em>L</em></span> <span class='ocrx_word' id='word_1_288' title='bbox 378 2349 385 2368; x_wconf 88' lang='lat'>:</span> <span class='ocrx_word' id='word_1_289' title='bbox 408 2337 565 2376; x_wconf 87' lang='lat' dir='ltr'><strong>asperior</strong></span> <span class='ocrx_word' id='word_1_290' title='bbox 581 2337 717 2370; x_wconf 84' lang='lat' dir='ltr'><strong>Martha</strong></span> <span class='ocrx_word' id='word_1_291' title='bbox 731 2350 737 2369; x_wconf 92' lang='lat'><strong>:</strong></span> <span class='ocrx_word' id='word_1_292' title='bbox 762 2339 939 2370; x_wconf 88' lang='lat' dir='ltr'><strong>ardentior</strong></span> <span class='ocrx_word' id='word_1_293' title='bbox 950 2339 1129 2378; x_wconf 77' lang='lat' dir='ltr'><strong>Corradus,</strong></span> <span class='ocrx_word' id='word_1_294' title='bbox 1146 2340 1205 2370; x_wconf 78' lang='lat' dir='ltr'><strong>alii</strong></span> <span class='ocrx_word' id='word_1_295' title='bbox 1218 2340 1285 2370; x_wconf 81' lang='lat' dir='ltr'><strong>alia</strong></span> <span class='ocrx_word' id='word_1_296' title='bbox 1299 2343 1539 2382; x_wconf 80' lang='lat' dir='ltr'><strong>temptaverunt</strong></span> 
     </span>
     <span class='ocr_line' id='line_1_39' title="bbox 198 2380 1297 2423; baseline 0.003 -11"><span class='ocrx_word' id='word_1_297' title='bbox 198 2391 239 2421; x_wconf 88' lang='lat'><strong>27</strong></span> <span class='ocrx_word' id='word_1_298' title='bbox 264 2381 319 2412; x_wconf 87' lang='lat' dir='ltr'><strong>alii</strong></span> <span class='ocrx_word' id='word_1_299' title='bbox 337 2380 411 2413; x_wconf 83' lang='lat' dir='ltr'><strong>add.</strong></span> <span class='ocrx_word' id='word_1_300' title='bbox 431 2380 610 2414; x_wconf 81' lang='lat' dir='ltr'><strong>Manutius</strong></span> <span class='ocrx_word' id='word_1_301' title='bbox 741 2392 785 2423; x_wconf 88' lang='lat'><strong>30</strong></span> <span class='ocrx_word' id='word_1_302' title='bbox 807 2383 842 2414; x_wconf 93' lang='lat' dir='ltr'><strong>id</strong></span> <span class='ocrx_word' id='word_1_303' title='bbox 858 2384 951 2423; x_wconf 88' lang='lat' dir='ltr'><strong>quod</strong></span> <span class='ocrx_word' id='word_1_304' title='bbox 969 2383 1091 2415; x_wconf 81' lang='lat' dir='ltr'><strong>maluit</strong></span> <span class='ocrx_word' id='word_1_305' title='bbox 1105 2382 1297 2415; x_wconf 81' lang='lat' dir='ltr'><strong>Lambinus</strong></span> 
     </span>
    </p>
   </div>
   <div class='ocr_carea' id='block_1_15' title="bbox 1557 1830 1597 1863">
    <p class='ocr_par' dir='ltr' id='par_1_15' title="bbox 1557 1830 1597 1863">
     <span class='ocr_line' id='line_1_40' title="bbox 1557 1830 1597 1863; baseline 0 0"><span class='ocrx_word' id='word_1_306' title='bbox 1557 1830 1597 1863; x_wconf 82' lang='lat'><strong>²5</strong></span> 
     </span>
    </p>
   </div>
   <div class='ocr_carea' id='block_1_16' title="bbox 1557 2157 1600 2191">
    <p class='ocr_par' dir='ltr' id='par_1_16' title="bbox 1557 2157 1600 2191">
     <span class='ocr_line' id='line_1_41' title="bbox 1557 2157 1600 2191; baseline 0 -10"><span class='ocrx_word' id='word_1_307' title='bbox 1557 2157 1600 2191; x_wconf 75' lang='lat'><strong>30</strong></span> 
     </span>
    </p>
   </div>
  </div>
 </body>
</html>
