1696 2730
697 154 935 194 ORATOR
1018 156 1022 160 ·
1432 166 1482 206 37

149 267 358 318 παθητικὸν
375 266 595 316 nominant,
616 280 697 318 quo
716 267 994 318 perturbantur
1016 267 1138 306 animi
1161 267 1200 306 et
1223 268 1482 317 concitantur,

153 333 195 372 in
218 347 298 384 quo
322 346 403 372 uno
429 340 564 383 regnat
583 332 719 372 oratio.
779 334 884 372 Illud
911 332 1089 383 superius
1112 346 1227 372 corne
1250 333 1480 382 iucundum,

153 399 206 437 ad
237 391 554 437 benevolentiam
588 397 879 437 conciliandam
913 406 1093 448 paratum
1108 413 1119 447 ς
1158 400 1235 437 hoc
1269 401 1483 439 vehemens

153 463 361 503 incensum
399 463 617 511 incitatum,
658 477 739 513 quo
776 477 919 502 causae
956 463 1197 514 eripiuntur:
1244 466 1353 515 quod
1392 479 1483 504 cum

116 543 134 575 5
153 528 289 579 rapide
315 530 444 576 fertur,
467 528 649 567 sustineri
669 530 778 567 nullo
799 536 916 579 pacto
935 537 1076 580 potest.
1136 531 1229 579 Quo
1249 544 1391 581 genere
1411 545 1483 570 nos

154 593 374 632 mediocres
402 601 471 632 aut
499 595 625 633 multo
654 593 772 632 etiam
803 593 944 642 minus,
971 595 1042 633 sed
1071 608 1215 645 magno
1245 608 1400 646 semper
1425 596 1486 635 usi

154 658 304 709 impetu
331 672 449 709 saepe
473 658 717 698 adversarios
737 660 788 698 de
811 667 914 698 statu
939 659 1049 698 omni
1069 659 1296 699 deiecimus.
1357 661 1486 700 Nobis

153 737 225 775 pro
244 723 423 762 familiari
446 737 514 763 reo
540 737 718 763 summus
745 731 874 763 orator
893 738 975 763 non
995 725 1200 775 respondit
1221 725 1461 765 Hortensius
1475 733 1486 774 '3

154 803 178 828 a
210 789 326 828 nobis
359 790 482 828 homo
515 789 800 829 audacissimus
835 789 1006 830 Catilina
1035 789 1076 828 in
1107 798 1246 830 senatu
1278 800 1486 831 accusatus

98 868 138 890 10
155 854 379 903 obmutuit,
425 854 541 893 nobis
574 854 724 905 privata
756 854 797 893 in
835 868 954 894 causa
995 869 1138 906 magna
1175 864 1214 895 et
1251 856 1357 907 gravi
1394 871 1485 896 cum

155 919 350 971 coepisset
376 920 498 960 Curio
526 928 636 971 pater
661 922 911 971 respondere,
940 921 1072 960 subito
1095 922 1261 970 adsedit,
1291 936 1382 961 cum
1412 922 1487 962 sibi

154 985 317 1024 venenis
351 993 525 1036 ereptam
560 986 791 1025 memoriam
822 986 981 1025 diceret.
1041 983 1150 1037 Quid
1184 1001 1258 1038 ego
1290 989 1341 1026 de
1375 988 1488 1027 mise-

154 1050 372 1090 rationibus
391 1052 559 1101 loquar?
584 1051 729 1101 quibus
749 1064 798 1090 eo
817 1065 904 1090 sum
925 1065 1019 1090 usus
1039 1052 1216 1102 pluribus
1232 1054 1352 1103 quod,
1368 1053 1487 1092 etiarn

155 1116 188 1155 si
216 1117 346 1166 plures
375 1115 618 1164 dicebamus,
647 1116 937 1167 perorationem
973 1117 1069 1155 mihi
1097 1125 1230 1157 tamen
1265 1131 1404 1158 omnes
1433 1132 1488 1158 re-

99 1181 412 1232 15linquebant3
450 1180 490 1219 in
522 1194 603 1231 quo
634 1189 677 1220 ut
704 1181 858 1220 viderer
886 1183 1076 1221 excellere
1109 1196 1190 1221 non
1223 1182 1383 1234 ingenio
1416 1185 1486 1223 sed

156 1248 293 1286 dolore
311 1247 570 1297 adsequebar.
634 1247 749 1295 Quae
778 1246 1083 1298 qualiacumque
1112 1247 1152 1286 in
1182 1262 1246 1287 me
1275 1256 1487 1288 sunt—me

157 1310 297 1365 [enim]
327 1311 456 1362 ipsum
480 1311 655 1362 paenitet
680 1319 829 1362 quanta
859 1312 1002 1362 sint—,
1025 1315 1095 1352 sed
1122 1322 1312 1364 apparent
1338 1314 1380 1352 in
1406 1327 1488 1353 ora-

156 1377 342 1425 tionibus,
364 1377 437 1416 etsi
462 1385 597 1416 carent
622 1377 710 1416 libri
736 1377 873 1428 spiritu
900 1377 979 1426 illo,
1006 1386 1164 1429 propter
1189 1393 1309 1430 quem
1339 1379 1489 1418 maiora

155 1444 295 1482 eadem
323 1442 389 1481 illa
416 1456 507 1482 cum
536 1450 705 1494 aguntur
729 1457 851 1494 quam
877 1457 969 1482 cum
995 1446 1177 1495 leguntur
1196 1444 1319 1484 videri
1346 1446 1485 1484 solent.

98 1522 140 1545 20
157 1509 244 1548 Nec
263 1522 355 1548 vero
382 1508 632 1547 miseratione
655 1510 784 1547 solum
805 1522 917 1548 mens
937 1509 1114 1549 iudicum
1138 1512 1407 1560 permovenda
1430 1518 1488 1550 est

156 1587 290 1624 —qua
318 1587 390 1612 nos
417 1573 471 1612 ita
494 1575 676 1612 dolenter
701 1573 758 1612 uti
782 1575 955 1613 solemus
982 1582 1025 1613 ut
1040 1588 1206 1625 puerum
1230 1575 1421 1614 infantem
1447 1575 1488 1614 in

158 1638 340 1678 manibus
361 1646 588 1689 perorantes
607 1638 861 1687 tenuerimus,
876 1647 919 1678 ut
938 1639 1014 1678 alia
1034 1639 1074 1678 in
1094 1653 1213 1679 causa
1233 1640 1401 1679 excitato
1421 1654 1488 1680 reo

157 1704 297 1752 nobili,
322 1705 479 1743 sublato
508 1703 627 1743 etiam
657 1703 738 1743 filio
766 1717 899 1754 parvo,
924 1706 1112 1755 plangore
1141 1713 1180 1744 et
1205 1705 1488 1745 lamentatione

157 1769 438 1820 complerimus
464 1770 658 1817 forum—-‚
681 1769 751 1808 sed
775 1777 834 1808 est
853 1769 1080 1809 faciendum
1100 1770 1219 1809 etiam
1240 1778 1283 1809 ut
1303 1770 1489 1810 irascatur

98 1847 140 1889 Ι25
158 1835 277 1875 iudex
324 1834 531 1885 mitigetur,
581 1834 756 1874 invideat
802 1836 940 1883 faveat,
986 1843 1215 1874 contemnat
1260 1836 1486 1885 admiretur,

157 1900 285 1940 oderit
315 1899 461 1951 diligat,
493 1900 627 1951 cupiat
660 1899 845 1949 fastidiat,
876 1909 1006 1952 speret
1039 1908 1199 1949 metuat,
1228 1902 1393 1940 laetetur
1421 1903 1490 1940 do-

156 1967 234 2005 leat
250 1980 261 2014 ;
307 1979 386 2016 qua
427 1965 467 2004 in
506 1965 693 2004 varietate
731 1965 934 2004 duriorum
976 1965 1176 2005 accusatio
1218 1966 1488 2017 suppeditabit

157 2032 350 2081 exempla,
373 2030 572 2070 mitiorum
603 2031 854 2070 defensiones
884 2045 1005 2071 meae.
1069 2033 1191 2071 Nullo
1224 2031 1331 2071 enim
1365 2034 1487 2072 modo

158 2096 314 2135 animus
342 2095 539 2135 audientis
567 2104 634 2135 aut
660 2096 812 2135 incitari
840 2104 908 2136 aut
936 2097 1048 2136 leniri
1077 2105 1216 2148 potest,
1246 2097 1314 2148 qui
1343 2099 1488 2136 modus

101 2176 142 2207 30
159 2175 183 2201 a
210 2175 275 2201 me
306 2175 388 2200 non
417 2169 633 2212 temptatus
669 2161 959 2210 sit,—dicerem
988 2164 1217 2214 perfectum,
1249 2162 1280 2201 si
1310 2162 1364 2201 ita
1392 2162 1490 2202 iudi-

203 2276 223 2306 3
245 2265 485 2297 vehementius
515 2265 549 2296 A
730 2276 767 2306 13
791 2266 912 2306 loquor
941 2266 975 2296 A
1166 2275 1202 2306 17
1227 2266 1318 2297 enim
1350 2276 1416 2297 om.
1453 2254 1486 2297 A

160 2309 383 2350 paenitetA:
408 2319 475 2341 non
501 2309 652 2350 paenitet
670 2310 697 2340 L
832 2320 871 2351 19
894 2320 981 2350 quae
1004 2314 1149 2350 aguntur
1163 2310 1196 2339 A
1332 2319 1374 2348 24
1398 2319 1489 2340 com-

160 2353 322 2394 plerimus
338 2353 451 2394 vulg:
475 2354 725 2393 compleremus
748 2352 816 2384 AL
963 2354 1006 2385 26
1028 2354 1180 2385 fastidiat
1205 2351 1330 2394 Stangl
1352 2353 1485 2395 (Philol.

159 2397 226 2428 xlv.
264 2397 365 2438 193):
403 2397 538 2428 taedeat
575 2397 634 2429 A:
681 2397 839 2429 satietate
878 2397 1042 2430 afficiatur
1076 2398 1124 2428 L:
1171 2397 1366 2430 abhorreat‘
1394 2397 1488 2439 See&

162 2451 267 2472 mann

1506 168 1565 201 128

1506 545 1571 582 129

1507 1002 1569 1033 130

1507 1487 1559 1534 38

1510 1557 1567 1589 131

1510 2045 1569 2078 ¹32
