1696 2730
137 144 191 183 30
212 138 273 172 106
541 129 598 167 M.
629 127 799 167 TVLLI
830 125 1141 167 CICERONIS

209 254 388 295 subiecta
413 253 525 302 ratio,
545 252 646 292 sicut
673 251 725 292 ab
746 250 933 303 Opimio:
972 252 1064 290 Iure
1092 248 1178 297 feci,
1201 247 1336 288 salutis
1365 246 1546 287 omnium

208 328 248 361 et
278 320 573 360 conservandae
604 317 659 357 rei
688 317 873 369 publicae
901 329 1031 364 causa,
1062 316 1309 365 relatumque
1337 313 1388 353 ab
1418 312 1547 352 Decio

207 394 292 426 est:
332 387 396 425 Ne
426 383 771 424 sceleratissimum
805 381 969 435 quidem
1002 380 1129 420 civem
1163 379 1248 419 sine
1285 378 1435 418 iudicio
1464 377 1547 417 iure

207 453 290 491 ullo
309 464 451 490 necare
471 448 648 501 potuisti,
668 447 789 488 oritur
808 447 875 485 illa
894 445 1131 497 disceptatio
1148 459 1157 485 t
1191 443 1421 484 Potueritne
1440 450 1546 482 recte

208 517 344 556 salutis
371 516 426 556 rei
449 515 633 567 publicae
661 527 781 553 causa
806 512 933 552 civem
959 524 1181 551 eversorem
1209 509 1377 550 civitatis
1396 509 1548 549 indem-
1568 518 1584 551 5

209 590 346 621 natum
366 582 540 621 necare?
597 582 659 619 Ita
682 578 991 630 disceptationes
1016 591 1096 625 eae,
1120 589 1223 628 quae
1248 575 1289 614 in
1312 575 1373 615 his
1393 581 1548 614 contro·
1678 558 1696 616 ἶ

207 647 343 687 versiis
374 646 562 694 oriuntur,
599 658 701 696 quae
734 651 827 683 sunt
863 643 978 683 certis
1010 642 1189 694 personis
1221 654 1269 680 ac
1301 639 1547 691 temporibus
1681 638 1696 688 Ξ

208 720 380 761 notatae,
402 714 502 751 fiunt
527 724 659 750 rursus
685 709 863 748 infinitae
886 708 1072 748 detractis
1098 706 1277 758 personis
1301 713 1340 745 et
1365 704 1548 756 tempori-

209 779 284 818 bus
322 786 362 818 et
398 791 551 817 rursum
589 777 642 816 ad
685 774 1023 815 consultationum
1066 774 1235 812 formam
1272 771 1547 821 rationemque
1678 740 1696 829 Ξ

1683 831 1696 874 ἶ

1685 932 1696 947 2

1679 964 1696 993 ᾗ

1684 1002 1696 1055 ἐ

146 837 191 874 3¹
208 851 453 884 revocantur.
529 843 609 882 Sed
650 841 691 880 in
734 839 972 891 gravissimis
1019 837 1276 878 firmamentis
1320 836 1439 876 etiam
1481 836 1548 875 illa
1569 849 1609 873 10

128 895 189 930 ¹⁰7
207 911 397 961 ponenda
425 915 528 956 sunt,
559 907 591 946 si
621 920 723 958 quae
751 920 799 945 ex
827 905 974 956 scripto
1001 904 1098 956 legis
1126 911 1194 943 aut
1222 901 1448 943 testamenti
1480 909 1548 941 aut

206 975 419 1014 verborum
449 973 571 1024 ipsius
605 971 727 1011 iudici
757 978 826 1010 aut
857 970 1023 1010 alicuius
1057 968 1321 1020 stipulationis
1358 975 1427 1008 aut
1459 981 1548 1007 cau-

210 1040 328 1080 tionis
348 1045 606 1091 opponuntur
630 1035 854 1077 defensioni
880 1035 1084 1075 contraria.
1143 1037 1197 1074 At
1216 1048 1267 1074 ne
1286 1035 1364 1073 hoc
1384 1032 1547 1084 quidem

208 1119 334 1157 genus
362 1105 403 1144 in
434 1105 490 1144 eis
525 1102 652 1143 causis
686 1101 848 1142 incurrit
878 1115 981 1152 quae
1018 1100 1247 1141 coniectura
1280 1099 1544 1140 continentur.
1678 1076 1696 1148 ,Ξ

210 1172 333 1221 Quod
360 1170 466 1210 enim
493 1171 642 1208 facturn
672 1175 847 1219 negatur,
868 1167 909 1207 id
936 1166 1096 1218 coargui
1122 1166 1268 1217 scripto
1293 1179 1376 1206 non
1403 1171 1546 1216 potest.
1569 1177 1610 1210 15
1681 1155 1696 1218 ἐξ

210 1238 273 1276 Ne
292 1236 333 1275 in
354 1235 629 1276 definitionem
650 1234 813 1285 quidem
829 1233 938 1272 venit
952 1246 1095 1284 genere
1115 1231 1249 1282 scripti
1267 1230 1400 1282 ipsius.
1442 1231 1549 1270 Nam

209 1302 328 1341 etiam
356 1301 388 1340 si
411 1301 576 1340 verbum
605 1299 769 1350 aliquod
798 1313 846 1338 ex
874 1298 1020 1349 scripto
1045 1297 1320 1337 definiendum
1346 1304 1405 1336 est
1428 1309 1548 1347 quam

207 1367 288 1406 vim
308 1367 464 1414 habeat,
487 1373 530 1405 ut
553 1379 645 1405 cum
672 1378 719 1404 ex
747 1363 993 1403 testamentis
1013 1363 1111 1414 quid
1134 1363 1184 1402 sit
1209 1376 1337 1414 penus
1361 1369 1430 1401 aut
1456 1375 1548 1401 cum

209 1446 257 1472 ex
284 1434 370 1483 lege
399 1431 535 1483 praedi
565 1430 764 1481 quaeritur
792 1443 894 1481 quae
925 1429 1003 1468 sint
1030 1436 1118 1468 ruta
1145 1441 1270 1475 caesa,
1302 1441 1385 1467 non
1414 1426 1548 1479 scripti

130 1513 190 1544 108
208 1511 345 1550 genus,
377 1498 448 1537 sed
478 1496 587 1536 verbi
620 1495 890 1547 interpretatio
927 1493 1235 1534 controversiam
1269 1492 1372 1532 facit.
1442 1494 1546 1534 Cum
1569 1511 1611 1533 20

209 1570 343 1603 autem
380 1570 449 1602 aut
489 1563 601 1613 plura
638 1560 908 1612 significantur
949 1560 1096 1611 scripto
1138 1565 1300 1610 propter
1334 1557 1445 1597 verbi
1481 1565 1549 1604 aut

209 1629 420 1668 verborum
459 1626 771 1677 ambiguitatem,
802 1633 847 1665 ut
874 1625 990 1664 liceat
1019 1626 1055 1664 ei
1089 1623 1157 1675 qui
1195 1631 1332 1663 contra
1364 1623 1472 1663 dicat
1500 1636 1550 1663 eo

210 1695 364 1734 trahere
393 1692 723 1744 significationem
753 1690 898 1742 scripti,
920 1704 1002 1741 quo
1028 1689 1212 1741 expediat
1239 1703 1286 1729 ac
1314 1688 1408 1728 velit
1420 1703 1432 1737 ,-
1468 1695 1547 1736 aut,

211 1759 243 1798 si
273 1758 459 1809 ambigue
492 1757 681 1808 scriptum
711 1770 793 1796 non
823 1756 882 1804 sit,
915 1757 977 1795 vel
1014 1768 1037 1794 a
1069 1754 1199 1794 verbis
1230 1755 1477 1794 voluntatem
1510 1761 1550 1793 et

210 1823 448 1863 sententiam
482 1822 681 1873 scriptoris
718 1821 918 1861 abducere
947 1822 1009 1860 vel
1047 1820 1125 1860 alio
1158 1833 1200 1859 se
1237 1820 1379 1859 eadem
1417 1820 1469 1859 de
1506 1833 1547 1859 re
1569 1836 1608 1869 25

211 1889 404 1929 contrarie
433 1888 580 1939 scripto
608 1888 836 1936 defendere,
855 1894 941 1926 tum
964 1885 1199 1937 disceptatio
1226 1899 1273 1924 ex
1298 1884 1432 1935 scripti
1457 1898 1550 1924 con-

211 1954 390 1994 tentione
423 1953 583 2002 exsistit,
609 1961 652 1992 ut
680 1952 722 1991 in
754 1951 951 2003 ambiguis
983 1951 1226 2002 disceptetur
1253 1949 1350 2001 quid
1379 1950 1550 1989 maxime

211 2020 463 2071 significetur,
503 2019 543 2057 in
591 2018 725 2070 scripti
771 2016 1072 2068 sententiaeque
1117 2015 1375 2055 contentione
1417 2022 1548 2055 utrum

211 2085 343 2137 potius
376 2085 495 2124 iudex
526 2092 724 2135 sequatur,
758 2083 799 2123 in
832 2082 1036 2123 contrariis
1073 2081 1227 2133 scriptis
1259 2088 1391 2121 utrum
1425 2081 1548 2132 magis

211 2150 556 2201 comprobandum
577 2150 636 2189 sit.
1568 2155 1610 2186 30

133 2237 194 2270 109
269 2215 519 2266 Disceptatio
548 2222 682 2254 autem
713 2228 806 2254 cum
839 2221 899 2253 est
928 2213 1153 2261 constituta,
1183 2211 1431 2264 propositum
1462 2225 1548 2252 esse

214 2282 335 2321 debet
356 2280 510 2328 oratori,
533 2294 614 2331 quo
643 2293 783 2320 omnes
808 2278 1169 2330 argumentationes
1202 2277 1390 2329 repetitae
1420 2291 1468 2317 ex
1493 2277 1550 2317 in·
1635 2295 1637 2297 ·
1669 2297 1681 2313 ο

231 2395 269 2425 14
296 2385 330 2416 in
348 2384 398 2416 eis
416 2384 528 2417 causis
544 2384 600 2417 P:
626 2385 661 2416 in
684 2394 743 2416 eas
759 2394 879 2417 causas
894 2384 983 2426 vulg.
1117 2392 1160 2415 20
1182 2381 1264 2414 facit
1279 2382 1331 2413 P:
1355 2382 1445 2423 parit
1459 2381 1547 2423 vulg.
