1696 2730
189 150 216 188 9
234 151 274 185 32
598 138 656 179 M.
691 139 861 179 TVLLI
901 139 1211 180 CICERONIS

233 266 442 303 germanos
458 266 500 292 se
515 260 656 304 putant
672 267 758 293 esse
773 254 1042 305 Thucydidas.
1093 255 1245 294 Nactus
1261 268 1349 294 sum
1365 253 1484 295 etiarn
1501 255 1569 307 qui

233 318 514 369 Xenophontis
544 318 713 358 similem
740 333 826 359 esse
855 333 897 359 se
920 326 1092 371 cuperet,
1119 319 1230 359 cuius
1260 334 1390 360 sermo
1418 327 1478 360 est
1504 321 1570 361 ille

236 383 399 433 quidem
420 385 537 423 melle
558 384 722 432 dulcior,
746 386 816 424 sed
836 398 860 423 a
879 384 1024 424 forensi
1046 385 1209 436 strepitu
1229 385 1527 426 remotissimus.

173 464 215 496 33
291 450 525 488 Referamus
545 463 618 489 nos
638 449 754 500 igitur
773 451 824 489 ad
844 444 937 489 eum
957 464 1077 501 quem
1093 452 1276 489 volumus
1295 450 1568 491 incohandum

233 521 272 552 et
292 528 338 553 ea
358 515 521 554 demum
538 515 764 566 eloquentia
783 515 1079 555 informandum
1100 529 1219 566 quam
1240 515 1281 554 in
1300 518 1411 556 nullo
1426 529 1570 568 cogno-
1589 532 1607 564 5

165 586 212 614 10
231 579 286 618 vit
315 580 526 619 Antonius.
588 582 780 632 Magnum
820 594 920 632 opus
955 581 1120 620 omnino
1151 589 1190 620 et
1222 582 1402 630 arduum,
1434 583 1566 631 Brute,

231 658 447 694 conamur3
476 647 547 685 sed
576 645 674 684 nihil
703 646 862 685 difficile
891 646 1040 685 amanti
1069 654 1178 697 puto.
1237 647 1344 686 Amo
1369 653 1502 686 autem
1529 654 1569 686 et

231 724 387 761 semper
405 711 534 749 amavi
555 710 757 761 ingenium
779 711 909 751 studia
930 725 1058 751 mores
1079 719 1179 750 tuos
1231 713 1432 751 Incendor
1450 725 1568 763 porro

231 775 377 814 cotidie
407 776 531 826 magis
560 790 642 815 non
671 776 869 816 desiderio
898 778 1038 825 solum,
1062 790 1142 827 quo
1171 776 1334 827 quidem
1364 777 1564 826 conficior,

230 854 463 891 congressus
492 849 659 889 nostros,
690 842 1022 881 consuetudinem
1050 842 1188 889 victus,
1211 842 1463 882 doctissimos
1493 857 1568 883 ser-
1590 856 1630 878 10

230 919 370 945 mones
399 906 602 957 requirens
631 915 735 956 tuos,
755 909 826 946 sed
855 907 974 946 etiam
1004 907 1226 946 incredibili
1251 908 1357 946 fama
1378 907 1567 948 virtutum

227 971 532 1019 admirabilium,
555 986 657 1022 quae
684 972 816 1022 specie
835 972 1011 1023 dispares
1031 973 1241 1023 prudentia
1260 973 1564 1025 coniunguntur.

170 1048 209 1082 34
230 1036 339 1086 Quid
369 1036 475 1076 enim
499 1044 580 1075 tam
607 1037 758 1076 distans
785 1051 906 1089 quam
929 1051 953 1076 a
978 1037 1184 1077 severitate
1213 1038 1409 1078 comitas?
1466 1039 1566 1090 Quis

228 1110 362 1142 tamen
401 1116 593 1153 umquam
632 1110 671 1142 te
703 1111 772 1142 aut
802 1104 974 1144 sanctior
1012 1111 1070 1144 est
1103 1104 1262 1144 habitus
1291 1112 1359 1144 aut
1385 1105 1567 1145 dulcior?

229 1168 339 1217 Quid
360 1176 439 1207 tam
461 1168 620 1208 difficile
641 1183 760 1220 quam
781 1169 821 1208 in
842 1170 1101 1221 plurimorum
1130 1170 1405 1210 controversiis
1425 1170 1566 1210 diiudi-
1588 1181 1626 1213 Ι5

227 1233 365 1272 candis
385 1234 437 1272 ab
457 1233 644 1273 omnibus
674 1234 813 1286 diligi?
860 1235 1127 1286 Consequeris
1151 1243 1286 1275 tamen
1305 1243 1349 1275 ut
1368 1249 1437 1276 eos
1457 1235 1564 1288 ipsos

227 1311 327 1348 quos
358 1306 497 1337 contra
526 1306 674 1338 statuas
708 1313 858 1351 aequos
888 1302 1146 1352 placatosque
1177 1301 1364 1341 dimittas.
1424 1303 1566 1353 Itaque

226 1364 347 1403 efficis
367 1372 421 1411 ut,
444 1378 536 1403 cum
565 1364 711 1415 gratiae
740 1379 859 1405 causa
887 1366 985 1405 nihil
1011 1366 1142 1414 facias,
1166 1367 1301 1406 omnia
1326 1374 1461 1407 tamen
1487 1367 1566 1407 sint

224 1436 333 1479 grata
346 1442 448 1480 quae
464 1429 570 1469 facis.
617 1431 723 1481 Ergo
738 1431 924 1470 omnibus
939 1446 988 1470 ex
1001 1431 1111 1471 terris
1124 1446 1204 1471 una
1217 1431 1345 1472 Gallia
1360 1432 1565 1472 communi

225 1507 308 1533 non
331 1495 442 1534 ardet
471 1494 684 1544 incendi03
713 1496 754 1534 in
781 1510 860 1547 qua
880 1497 1016 1536 frueris
1044 1497 1152 1548 ipse†
1179 1505 1228 1546 te,
1251 1511 1343 1537 cum
1362 1497 1404 1536 in
1425 1497 1564 1538 Italiae
1587 1506 1627 1528 ²0

225 1561 314 1599 luce
337 1560 587 1611 cognosceris
607 1562 851 1612 versarisque
877 1562 918 1601 in
945 1562 1187 1614 optimorum
1214 1562 1360 1602 civium
1380 1565 1442 1603 vel
1468 1565 1565 1603 flore

226 1626 287 1664 vel
307 1626 460 1664 robore.
510 1627 598 1665 Iam
624 1634 818 1677 quantum
848 1627 946 1667 illud
966 1636 1035 1676 est,
1059 1629 1168 1679 quod
1188 1628 1229 1667 in
1250 1628 1431 1668 maximis
1451 1642 1566 1668 occu-

226 1690 455 1740 pationibus
493 1705 714 1742 numquam
747 1692 972 1732 intermittis
1003 1693 1134 1733 studia
1160 1693 1375 1743 doctrinae,
1408 1707 1565 1745 semper

164 1766 203 1799 35
225 1763 293 1794 aut
313 1755 397 1806 ipse
417 1756 555 1796 scribis
581 1757 732 1808 aliquid
751 1765 820 1797 aut
847 1772 911 1798 me
930 1772 1049 1798 vocas
1075 1760 1127 1798 ad
1151 1759 1430 1799 scribendum!
1489 1761 1565 1799 Ita-

225 1834 303 1871 que
341 1823 418 1860 hoc
457 1835 545 1860 sum
585 1824 793 1873 adgressus
838 1824 969 1863 statim
1009 1826 1164 1865 Catone
1201 1825 1562 1876 absoluto—quem
1584 1843 1623 1875 25

225 1886 355 1937 ipsum
384 1901 603 1938 numquam
632 1888 848 1939 attigissem
870 1897 1050 1942 tempora
1073 1890 1217 1930 timens
1237 1890 1399 1930 inimica
1417 1891 1560 1940 virtuti,

225 1951 301 1990 nisi
324 1952 396 1991 tibi
423 1953 598 1992 hortanti
627 1961 666 1992 et
694 1953 797 1993 illius
828 1955 1060 1995 memoriam
1090 1956 1188 1994 mihi
1217 1969 1348 1995 caram
1377 1955 1564 1996 excitanti

225 2030 307 2056 non
323 2031 459 2068 parere
471 2019 582 2058 nefas
597 2032 684 2058 esse
699 2019 967 2069 duxissem—,
990 2022 1061 2060 sed
1081 2020 1269 2060 testificor
1284 2034 1348 2061 me
1367 2034 1391 2060 a
1406 2028 1445 2060 te
1457 2035 1565 2073 roga-

268 2142 288 2171 4
313 2142 376 2163 nos
401 2132 506 2172 igitur
530 2132 679 2164 Ernesti:
714 2133 817 2173 igitur
842 2144 903 2165 uos
931 2133 960 2164 L
1137 2143 1158 2174 5
1183 2145 1224 2166 ea
1245 2135 1382 2166 demum
1409 2134 1564 2168 Ernesti:

225 2176 343 2206 eadem
356 2175 384 2205 L
401 2187 408 2206 t
434 2186 475 2206 ea
492 2176 629 2216 quidem
644 2177 790 2216 Kayser:
816 2188 856 2208 ea
874 2178 1021 2218 denique
1037 2176 1228 2220 Heerdegen
1352 2180 1373 2210 8
1397 2179 1565 2212 incendor

225 2220 312 2259 vulg.
327 2231 333 2249 t
360 2219 590 2251 incendiosior
606 2219 635 2250 L
654 2232 661 2252 ε
686 2220 900 2252 incendimur
911 2221 1099 2263 Heerdegen
1222 2232 1258 2253 11
1285 2222 1511 2255 incredibilis.
1528 2234 1560 2255 v.

225 2263 470 2294 admirabilium
487 2263 534 2295 ed,
557 2263 635 2296 Ven.
651 2275 658 2294 ε
683 2265 869 2296 admirabili
888 2265 909 2297 f.
925 2276 955 2296 v.
975 2265 1223 2297 incredibilium
1240 2265 1269 2296 L
1371 2276 1411 2307 19
1435 2277 1479 2298 ex
1494 2277 1562 2299 om.

226 2306 254 2336 L
270 2317 277 2336 ε
301 2306 377 2336 add.
406 2306 517 2337 Halm
534 2319 542 2338 ι
566 2307 600 2338 in
626 2307 748 2338 maluit
761 2308 947 2349 Heerdegen
1095 2319 1137 2340 20
1162 2310 1236 2350 ipse
1253 2314 1286 2341 te
1304 2309 1333 2339 L
1350 2321 1358 2341 :
1381 2310 1498 2350 quiete
1513 2310 1566 2342 vel

225 2350 354 2380 virtute
373 2354 430 2380 tua
448 2349 585 2390 Sandys
661 2362 737 2382 cum
754 2350 785 2382 L
802 2363 809 2383 ε
833 2357 866 2382 et
882 2357 1053 2392 tamquam
1070 2352 1161 2384 Bake
1292 2363 1331 2384 ει
1357 2353 1434 2386 luce
1449 2354 1537 2396 vulg.
1554 2365 1561 2387 ε

226 2393 334 2424 lucem
352 2391 380 2422 L
516 2404 555 2425 22
581 2395 698 2435 quanti
717 2395 838 2427 maluit
851 2395 939 2428 Reid
