1630 2730
121 153 176 193 45
196 151 256 184 168
564 146 622 185 M.
653 146 824 184 TVLLI
854 145 1165 186 CICERONIS

193 259 251 297 M.
276 257 478 298 Gratidius
499 259 557 297 M.
580 257 733 297 Antoni
755 257 1039 308 perfamiliaris,
1062 257 1174 297 cuius
1195 258 1417 308 praefectus
1437 270 1530 296 cum

193 331 296 363 esset
316 325 357 362 in
374 323 515 364 Cilicia
529 330 588 363 est
604 323 833 362 interfectus
847 337 858 372 ;
886 324 920 362 is
937 323 1005 374 qui
1020 322 1220 362 accusavit
1235 323 1280 363 C.
1300 322 1527 370 Fimbriam,

118 413 176 459 45
195 391 253 427 M.
277 388 381 428 Mari
402 388 624 428 Gratidiani
643 396 764 439 pater.

114 474 173 516 169

115 1123 177 1158 170

118 1581 176 1615 171

248 456 383 504 Atque
403 454 522 493 etiam
549 455 657 504 apud
684 452 814 492 socios
834 453 1060 492 et‘Latinos
1087 460 1261 493 oratores
1288 452 1413 492 habiti
1439 459 1532 492 sunt
1598 500 1601 503 ι

194 521 243 569 Q.
266 519 425 558 Vettius
445 519 656 558 Vettianus
676 532 698 558 e
721 518 875 566 Marsis,
898 532 1019 569 quem
1046 518 1130 569 ipse
1154 518 1333 569 cognovi,
1356 519 1531 569 prudens
1551 527 1568 559 5

191 585 250 624 vir
283 593 321 624 et
355 585 396 623 in
429 584 603 624 dicendo
633 584 763 623 brevis
778 598 788 632 3
827 585 876 634 Q.
908 586 957 622 D.
986 583 1134 623 Valerii
1162 584 1312 632 Sorani,
1340 583 1461 623 vicini
1493 590 1533 623 et

193 650 402 690 familiares
423 650 513 698 mei,
537 657 724 689 nontam
745 649 786 687 in
806 648 980 688 dicendo
1005 649 1259 688 admirabiles
1283 662 1403 700 quam
1424 648 1534 688 docti

193 724 233 756 et
253 715 414 756 Graecis
438 715 575 754 litteris
602 722 641 754 et
661 714 813 754 Latinis
828 730 839 763 3
868 716 913 755 C.
937 714 1179 754 Rusticelius
1200 714 1478 762 Bononiensis,
1500 714 1533 754 is

194 781 359 832 quidem
388 789 428 821 et
456 781 691 820 exercitatus
721 788 760 820 et
788 788 928 819 natura
950 780 1135 819 volubilis
1150 795 1160 829 3
1189 780 1370 820 omnium
1397 787 1533 819 autem

194 846 544 897 eloquentissimus
583 854 691 886 extra
718 847 822 885 hanc
856 846 995 885 urbem
1023 848 1070 884 T.
1100 845 1289 885 Betucius
1317 848 1460 885 Barrus
1482 847 1535 884 A·
1554 859 1594 882 10

195 914 392 960 sculanus‚
414 912 526 951 cuius
556 919 647 950 sunt
673 911 825 962 aliquot
849 911 1047 950 orationes
1074 911 1212 950 Asculi
1237 910 1421 960 habitae;
1454 923 1535 950 una

196 980 352 1017 Romae
373 984 511 1016 contra
530 977 777 1028 Caepionem
798 976 944 1016 nobilis
964 990 1069 1024 sane,
1092 976 1188 1027 quoi
1207 976 1376 1016 orationi
1396 976 1536 1027 Caepi-

195 1042 283 1081 onis
311 1056 378 1082 ore
404 1042 610 1093 respondit
637 1041 789 1090 Aelius,
809 1041 878 1092 qui
904 1041 1135 1093 scriptitavit
1161 1041 1360 1081 orationes
1386 1041 1533 1090 multis,

196 1115 327 1147 orator
355 1107 440 1158 ipse
469 1121 690 1158 numquam
720 1107 804 1146 fuit.
863 1109 986 1157 Apud
1017 1107 1186 1147 maiores
1214 1114 1349 1147 autem
1378 1114 1534 1153 nostros

195 1173 313 1213 video
339 1172 642 1212 disertissimum
672 1172 854 1212 habitum
881 1187 928 1212 ex
954 1173 1070 1212 Latio
1091 1174 1135 1212 L.
1159 1172 1359 1224 Papirium
1384 1174 1537 1224 Fregel·
1556 1185 1594 1219 15

195 1240 332 1277 lanum
359 1237 421 1276 Ti.
445 1238 614 1277 Gracchi
643 1240 685 1277 P.
709 1240 751 1277 F.
774 1240 854 1277 fere
883 1246 1012 1277 aetate
1026 1253 1036 1287 3
1065 1238 1149 1277 eius
1176 1238 1294 1278 etiam
1325 1238 1450 1278 oratio
1477 1245 1536 1279 est

196 1317 269 1355 pro
290 1304 529 1354 Fregellanis
556 1303 790 1354 colonisque
811 1303 962 1343 Latinis
992 1304 1128 1343 habita
1153 1304 1193 1342 in
1220 1311 1370 1344 senatu.
1429 1306 1535 1343 Tum

198 1372 369 1409 Brutus:
406 1369 516 1419 Quid
546 1377 588 1408 tu
617 1369 747 1420 igitur,
775 1369 914 1420 inquit,
946 1369 1084 1409 tribuis
1113 1369 1196 1409 istis
1225 1369 1394 1409 externis
1423 1370 1537 1421 quasi

198 1435 449 1475 oratoribus?
506 1434 616 1484 Quid
636 1448 786 1483 censes,
801 1434 978 1485 inquam,
992 1435 1068 1474 nisi
1088 1435 1196 1474 idem
1216 1437 1326 1486 quod
1345 1435 1538 1475 urbanis?

197 1508 351 1551 praeter
370 1514 506 1548 unum,
522 1501 631 1550 quod
651 1514 734 1540 non
754 1507 813 1540 est
833 1514 969 1539 eorum
991 1500 1214 1539 urbanitate
1229 1502 1403 1551 quadam
1423 1499 1537 1552 quasi
1557 1513 1598 1536 20

198 1567 374 1605 colorata
405 1566 542 1605 oratio.
601 1567 654 1604 Et
683 1568 854 1605 Brutus:
890 1565 971 1615 Qui
1002 1573 1074 1615 est,
1098 1565 1236 1616 inquit,
1268 1565 1342 1605 iste
1372 1568 1537 1606 tandem

198 1631 431 1671 urbanitatis
461 1633 602 1671 color?
650 1631 809 1679 Nescio,
828 1631 991 1682 inquam
1006 1646 1016 1680 ;
1046 1639 1200 1670 tantum
1229 1645 1315 1672 esse
1335 1634 1538 1683 quendam

199 1697 293 1737 scio.
354 1698 404 1736 Id
424 1704 481 1746 tu,
502 1699 634 1745 Brute,
657 1696 735 1736 iam
756 1697 972 1748 intelleges,
995 1711 1087 1736 cum
1108 1696 1149 1735 in
1170 1697 1341 1737 Galliam
1361 1697 1513 1738 veneris
1528 1713 1539 1747 3

198 1764 337 1803 audies
358 1771 443 1802 tum
463 1762 626 1814 quidem
648 1763 767 1802 etiam
787 1763 908 1803 verba
927 1763 1126 1813 quaedam
1150 1776 1232 1802 non
1259 1762 1348 1802 trita
1369 1764 1535 1821 Romae,

200 1830 271 1868 sed
292 1830 391 1867 haec
417 1828 560 1867 mutari
587 1828 822 1879 dediscique
848 1835 1016 1879 possunt
1029 1843 1040 1877 3
1068 1827 1166 1867 illud
1187 1835 1246 1867 est
1265 1827 1404 1877 maius,
1427 1829 1538 1879 quod
1558 1841 1598 1874 25

200 1894 241 1932 in
260 1893 426 1933 vocibus
453 1900 677 1932 nostrorum
699 1901 899 1933 oratorum
925 1893 1086 1933 retinnit
1106 1893 1298 1944 quiddam
1319 1900 1358 1933 et
1380 1901 1539 1933 resonat

200 1958 401 1998 urbanius.
461 1960 548 1998 Nec
573 1960 651 1998 hoc
674 1959 715 1998 in
740 1959 961 1999 oratoribus
987 1960 1111 1998 modo
1136 1966 1300 2010 apparet
1322 1960 1394 1998 sed
1419 1959 1539 1999 etiam

201 2024 242 2063 in
262 2023 413 2068 ceteriS.
474 2025 560 2074 Ego
585 2024 749 2063 memini
769 2026 816 2063 T.
839 2023 1009 2062 Tincam
1030 2023 1307 2063 Placentinum
1334 2024 1540 2064 hominem

201 2088 486 2128 facetissimum
507 2102 598 2128 cum
619 2089 800 2128 familiari
820 2097 956 2128 nostro
978 2090 1027 2138 Q.
1051 2088 1201 2128 Granio
1221 2102 1417 2139 praecone
1437 2089 1542 2129 dica-

202 2154 320 2194 citate
340 2161 499 2193 certare.
559 2156 672 2203 Eon’,
694 2155 823 2206 inquit
844 2157 1002 2203 Brutus,
1022 2155 1073 2193 de
1093 2166 1174 2204 quo
1194 2155 1318 2192 multa
1334 2154 1510 2194 Lucilius
1523 2157 1541 2194 ?
1558 2167 1601 2200 30

248 2267 267 2287 2
285 2258 314 2289 is
327 2258 490 2297 quiJahn
572 2267 592 2297 3
610 2263 709 2298 pater
719 2258 825 2298 vulga:
843 2263 973 2298 patrem
990 2257 1019 2288 L
1099 2267 1135 2288 11
1155 2268 1222 2288 una
1234 2256 1396 2299 Madvig:
1412 2257 1469 2289 illa
1484 2258 1514 2289 L
1531 2268 1538 2289 :

203 2306 237 2332 et
255 2302 311 2332 illa
335 2302 426 2332 Bake
515 2311 552 2332 12
576 2303 628 2333 cui
645 2302 734 2343 vulg.
749 2314 756 2334 ε
780 2313 847 2342 quo
862 2301 893 2332 L
985 2311 1023 2340 13
1046 2300 1089 2333 L.
1105 2301 1226 2333 Aelius
1241 2300 1368 2342 Stangl
1501 2303 1542 2333 16

204 2345 308 2375 etiam
327 2345 444 2376 FOG:
467 2350 579 2376 autem
607 2346 635 2376 C
766 2356 808 2385 24
832 2351 901 2377 tum
924 2344 1092 2376 Weidner:
1118 2349 1155 2376 tu
1171 2343 1201 2374 L
1333 2346 1375 2376 26
1399 2345 1542 2376 retinnit

203 2387 397 2421 Schneider:
423 2390 565 2420 retinuit
582 2389 695 2422 FOG:
721 2390 866 2421 recinuit
888 2388 1002 2420 BHM
