1630 2730
696 160 915 199 BRVTVS
1444 173 1469 201 2
1486 170 1505 207 8

137 271 283 311 accidit
315 279 369 319 ut,
400 285 643 323 quamquam
677 279 808 311 essent
845 273 972 326 multo
1010 272 1133 323 magis
1170 272 1246 312 alia
1283 274 1465 324 lugenda,

138 345 271 376 tamen
291 338 369 376 hoc
395 338 619 377 doleremus
645 339 765 388 quod,
787 351 869 388 quo
890 345 1068 388 tempore
1092 345 1200 377 aetas
1227 346 1360 378 nostra
1385 352 1468 390 per-

137 403 273 441 functa
308 402 426 441 rebus
463 402 716 453 amplissimis
754 410 958 454 tamquam
991 403 1032 442 in
1063 411 1221 455 portum
1255 405 1468 455 confugere

137 468 301 507 deberet
337 481 420 506 non
463 467 625 507 inertiae
670 482 801 519 neque
843 468 1030 516 desidiae,
1071 470 1143 508 sed
1180 468 1236 508 oti
1275 469 1468 509 moderati

103 544 119 574 5
137 540 257 583 atque
287 532 455 581 honesti,
488 546 662 583 cumque
691 533 777 584 ipsa
810 533 936 572 oratio
966 533 1043 573 iam
1079 542 1213 573 nostra
1242 542 1468 575 canesceret

138 598 381 648 haberetque
410 611 522 637 suam
549 599 751 649 quandam
782 599 1047 638 maturitatem
1077 607 1116 639 et
1147 601 1259 651 quasi
1290 609 1468 640 senectu-

138 670 230 710 tem,
258 671 342 702 tum
371 677 480 702 arma
509 671 600 702 sunt
629 677 676 702 ea
705 671 872 715 sumpta,
899 664 1044 715 quibus
1073 664 1127 703 illi
1157 665 1241 716 ipsi,
1273 666 1342 716 qui
1370 666 1469 706 didi-

138 735 272 767 cerant
287 728 342 767 eis
363 728 420 767 uti
439 728 618 779 gloriose,
635 742 754 780 quern
770 730 822 768 ad
838 731 1003 769 modum
1020 730 1239 770 salutariter
1254 738 1466 779 uterentur,

138 806 220 832 non
239 793 497 844 reperiebant.
557 795 698 844 Itaque
722 794 758 833 ei
785 794 882 833 mihi
908 795 1092 835 videntur
1118 797 1314 835 fortunate
1340 797 1469 836 beate·
1486 811 1506 843 9

83 871 122 894 10
138 872 216 909 que
231 858 370 898 vixisse
391 872 483 898 cum
503 858 543 897 in
564 858 702 898 ceteris
723 859 946 899 civitatibus
967 868 1051 899 tum
1073 860 1243 900 maxime
1263 861 1303 899 in
1323 869 1466 909 nostra,

138 923 282 974 quibus
303 937 394 962 cum
414 923 646 963 auctoritate
665 938 874 975 rerumque
888 932 1085 976 gestarum
1105 926 1227 976 gloria
1246 934 1330 965 tum
1351 927 1469 967 etiam

138 988 352 1040 sapientiae
373 990 491 1028 laude
510 989 655 1039 perfrui
678 989 798 1028 licuit.
859 991 1041 1040 Quorum
1068 991 1258 1030 memoria
1282 999 1320 1030 et
1346 1006 1471 1032 recor-

138 1053 247 1093 datio
266 1053 307 1092 in
333 1053 512 1092 maximis
542 1054 685 1093 nostris
712 1054 1029 1106 gravissimisque
1052 1056 1154 1095 curis
1178 1056 1353 1097 iucunda
1376 1071 1470 1096 sane

137 1118 224 1167 fuit,
243 1133 335 1158 cum
354 1119 395 1158 in
415 1133 503 1161 eam
524 1133 651 1170 nuper
671 1133 718 1158 ex
737 1134 919 1160 sermone
940 1122 1115 1171 quodam
1136 1121 1422 1162 incidissemus.

35 1201 39 1204 ·
82 1198 133 1237 15,
194 1186 300 1223 Nam
320 1198 411 1224 cum
437 1184 725 1224 inambularem
752 1185 793 1224 in
816 1193 928 1235 xysto
949 1193 987 1225 et
1013 1199 1141 1225 essem
1168 1187 1318 1226 otiosus
1345 1187 1467 1235 domi,
1488 1173 1530 1253 {30

141 1251 198 1288 M.
220 1251 271 1288 ad
291 1263 355 1288 me
377 1251 531 1297 Brutus,
554 1257 598 1289 ut
621 1258 891 1298 consueverat,
914 1265 1006 1290 cum
1030 1253 1077 1290 T.
1101 1252 1325 1302 Pomponio
1349 1252 1467 1300 venit,

139 1314 321 1354 homines
351 1328 443 1354 curn
472 1315 573 1354 inter
601 1329 643 1355 se
672 1316 876 1355 coniuncti
905 1324 990 1355 tum
1021 1316 1118 1355 mihi
1147 1316 1201 1356 ita
1229 1317 1308 1356 cari
1336 1317 1470 1369 itaque

139 1379 314 1428 iucundi,
336 1388 378 1419 ut
407 1394 545 1419 eorum
573 1389 738 1432 aspectu
768 1381 898 1420 omnis
927 1395 1029 1432 quae
1058 1395 1123 1421 me
1151 1382 1321 1433 angebat
1349 1384 1400 1422 de
1429 1397 1470 1422 re

140 1445 300 1496 publica
327 1459 420 1485 cura
447 1445 682 1486 consederit.
743 1448 856 1496 Quos
885 1454 1097 1498 postquam
1128 1447 1319 1486 salutavi:
1360 1448 1470 1497 Quid

83 1528 123 1550 20
140 1524 221 1558 VOS,
261 1510 436 1562 inquam,
471 1513 592 1551 Brute
630 1519 669 1551 et
699 1512 864 1551 Attice?
909 1512 1106 1563 numquid
1145 1514 1306 1552 tandem
1345 1513 1470 1553 novi?

141 1575 251 1615 Nihil
277 1589 381 1624 sane,
404 1576 532 1627 inquit
554 1579 708 1624 Brutus,
731 1579 840 1628 quod
865 1577 1027 1628 quidem
1053 1585 1121 1617 aut
1147 1586 1189 1617 tu
1215 1578 1351 1617 audire
1374 1578 1470 1618 velis

140 1648 208 1679 aut
227 1654 300 1692 ego
320 1655 391 1692 pro
406 1650 514 1681 certo
529 1642 661 1682 dicere
679 1644 859 1682 audeam.
909 1645 1015 1681 Tum
1032 1643 1187 1682 Atticus
1204 1659 1211 1682 ε
1242 1646 1317 1692 Eo,
1329 1644 1468 1695 inquit,
1492 1659 1526 1682 11

140 1706 192 1744 ad
219 1713 257 1745 te
284 1706 419 1746 animo
445 1707 636 1754 venimus,
659 1715 702 1746 ut
732 1709 783 1747 de
814 1721 854 1747 re
880 1708 1040 1758 publica
1069 1716 1172 1747 esset
1203 1708 1403 1748 silentium
1432 1716 1471 1749 et

139 1770 290 1822 aliquid
319 1771 546 1811 audiremus
575 1772 706 1823 potius
735 1786 783 1811 ex
815 1781 854 1811 te
888 1786 1008 1823 quam
1036 1780 1075 1812 te
1103 1774 1363 1812 adficeremus
1393 1775 1472 1813 ulla

83 1853 121 1886 ²5
140 1837 330 1876 molestia.
388 1839 472 1877 Vos
492 1851 595 1886 vero,
619 1838 792 1889 inquam,
810 1838 952 1886 Attice,
969 1846 1008 1878 et
1027 1846 1274 1890 praesentem
1295 1853 1359 1878 me
1379 1853 1472 1879 cura

141 1902 277 1942 levatis
315 1910 354 1942 et
391 1903 546 1942 absenti
585 1917 728 1954 magna
765 1903 911 1943 solacia
949 1903 1125 1943 dedistis.
1196 1906 1301 1943 Nam
1334 1905 1470 1944 vestris

140 1967 311 2018 primum
342 1967 478 2007 litteris
509 1977 704 2008 recreatus
739 1983 803 2009 me
835 1970 887 2008 ad
921 1968 1085 2020 pristina
1118 1969 1249 2008 studia
1278 1970 1469 2009 revocavi.

140 2034 246 2072 Tum
273 2032 362 2072 ille:
399 2033 508 2084 Legi,
538 2033 676 2085 inquit,
702 2034 942 2085 perlibenter
969 2034 1178 2085 epistulam
1208 2048 1327 2085 quam
1355 2036 1406 2074 ad
1432 2042 1471 2074 te

143 2099 286 2137 Brutus
306 2098 414 2137 misit
433 2112 480 2137 ex
500 2099 606 2147 Asia,
630 2113 709 2150 qua
735 2099 833 2138 mihi
858 2099 964 2138 visus
985 2106 1044 2138 est
1070 2107 1109 2139 et
1133 2113 1294 2139 monere
1320 2107 1359 2140 te
1384 2114 1472 2151 pru-

83 2182 124 2215 30
142 2163 281 2203 denter
309 2171 347 2202 et
373 2163 569 2203 consolari
594 2164 844 2204 amicissime.
903 2166 1039 2212 Recte,
1062 2164 1236 2215 inquam,
1259 2173 1318 2205 est
1341 2165 1472 2215 visus3
1493 2185 1529 2208 12

141 2240 234 2266 nam
260 2241 325 2267 me
348 2228 431 2267 istis
454 2228 554 2267 scito
580 2228 716 2268 litteris
743 2243 790 2268 ex
816 2229 1002 2268 diuturna
1030 2229 1325 2280 perturbatione
1351 2230 1472 2270 totius

140 2291 377 2332 valetudinis
392 2300 596 2344 tamquam
615 2295 666 2333 ad
685 2293 956 2346 aspiciendam
972 2296 1103 2334 lucem
1123 2308 1209 2335 esse
1231 2303 1468 2336 revocatum.

188 2396 228 2426 16
250 2396 343 2427 venit
354 2395 528 2427 Fleckeisen
542 2408 550 2428 :
565 2402 706 2429 venerat
723 2398 752 2429 L
809 2408 846 2436 17
870 2398 984 2439 itaque
994 2397 1083 2430 codd.
1101 2410 1108 2429 :
1126 2403 1228 2439 atque
1244 2397 1274 2429 Ο
1318 2410 1361 2430 20
1378 2410 1471 2430 num-

141 2439 222 2480 quid
236 2438 437 2482 Nipperdey:
459 2450 550 2472 nunc
567 2441 648 2481 quid
665 2440 694 2472 L
815 2451 856 2481 25
879 2447 1098 2483 praesentem
1114 2441 1162 2475 F:
1186 2448 1368 2483 praesente
1383 2442 1472 2475 codd.

1345 2494 1385 2526 1*
