1696 2730
677 170 914 211 ORATOR
1406 181 1461 211 20
1481 178 1522 215 68

129 293 257 319 rarum
283 294 412 320 rerum
437 281 717 322 dissimilitudo
739 281 912 334 intellegi
938 295 1020 321 non
1043 288 1174 333 potest
1187 296 1198 330 3
1226 283 1297 322 sed
1320 281 1362 321 id
1385 296 1460 322 nec

128 345 297 384 dubium
323 354 382 386 est
405 355 455 396 et,
477 347 510 387 si
535 347 632 398 quid
658 348 779 387 habet
799 347 1052 398 quaestionis,
1074 348 1152 386 hoc
1171 353 1305 386 tamen
1329 346 1460 397 ipsum

128 411 180 449 ad
200 410 242 450 id
267 413 377 462 quod
395 413 641 464 propositum
662 420 721 452 est
740 420 902 466 nonest
921 411 1197 452 necessarium.
1251 412 1461 451 Seiunctus

129 474 245 526 igitur
277 485 408 517 orator
438 492 462 517 a
493 478 821 529 philosophorum
856 477 1094 528 eloquentia,
1126 490 1150 516 a
1182 477 1459 527 sophistarum,

91 557 110 590 5
130 540 181 580 ab
210 541 500 593 historicorum,
521 557 546 583 a
573 551 780 595 poetarum
813 543 1069 595 explicandus
1102 550 1161 583 est
1190 541 1306 581 nobis
1335 542 1462 593 qualis

129 607 282 646 futurus
307 608 367 647 sit.
1479 648 1525 677 21

185 671 270 711 Erit
295 672 411 724 igitur
438 675 793 725 eloquens—hunc
821 673 928 713 enim
957 680 1118 713 auctore
1141 672 1320 712 Antonio
1347 685 1463 723 quae-
1482 699 1526 743 69

130 735 338 777 rimus—is
359 738 427 789 qui
446 739 487 778 in
507 740 592 779 foro
611 740 819 791 causisque
839 739 1019 779 civilibus
1038 739 1093 778 ita
1111 739 1229 786 dicet,
1246 745 1290 777 ut
1308 737 1460 788 probet,

131 808 175 840 ut
203 803 384 851 delectet,
412 811 456 843 ut
483 805 626 844 flectat.
685 806 857 844 Probare
890 803 1134 844 necessitatis
1167 810 1237 851 est,
1268 803 1464 842 delectare

0 881 6 895 1
74 879 114 903 10
131 867 342 918 suavitatis,
376 870 533 909 flectere
569 869 778 910 victoriae:
821 883 914 909 nam
950 870 992 909 id
1030 883 1155 909 unum
1193 882 1241 908 ex
1278 867 1464 907 omnibus

0 934 8 971 F}

130 933 182 972 ad
212 933 451 974 obtinendas
483 948 621 974 causas
650 943 782 986 potest
811 935 1035 987 plurimum.
1093 935 1173 974 Sed
1206 940 1304 985 quot
1336 932 1466 972 officia

133 998 308 1047 oratoris,
344 1006 402 1038 tot
440 1007 532 1039 sunt
568 1014 712 1051 genera
749 1000 935 1041 dicendi:
982 999 1126 1040 subtile
1163 998 1204 1038 in
1241 998 1462 1049 probando,

132 1063 336 1102 modicum
370 1064 411 1103 in
444 1066 693 1114 delectando,
722 1067 937 1106 vehemens
974 1065 1015 1104 in
1048 1065 1270 1112 flectend03
1309 1062 1350 1101 in
1384 1074 1465 1113 quo

133 1141 215 1167 uno
240 1128 298 1168 vis
327 1129 457 1170 omnis
495 1130 659 1169 oratoris
692 1137 763 1170 est.
824 1130 963 1182 Magni
989 1129 1106 1181 igitur
1127 1127 1259 1176 iudici,
1286 1140 1465 1166 summae
1483 1139 1525 1178 70

7 1193 10 1195 ’
76 1207 114 1240 ¹5
135 1193 254 1232 etiam
280 1194 475 1234 facultatis
501 1208 587 1234 esse
610 1195 774 1235 debebit
796 1196 1022 1235 moderator
1040 1195 1105 1234 ille
1128 1201 1167 1234 et
1187 1192 1299 1244 quasi
1319 1199 1467 1243 tempe-

135 1266 239 1298 rator
270 1259 388 1299 huius
426 1259 639 1311 tripertitae
672 1259 896 1310 varietatis3
942 1274 1035 1299 nam
1073 1267 1112 1299 et
1145 1257 1338 1298 iudicabit
1370 1256 1468 1307 quid

135 1323 280 1375 cuique
316 1338 416 1376 opus
454 1325 504 1364 sit
540 1333 580 1365 et
616 1325 760 1377 poterit
797 1338 1052 1376 quocumque
1091 1325 1214 1364 modo
1251 1321 1468 1374 postulabit

134 1400 254 1428 causa
278 1383 420 1430 dicere.
479 1391 559 1430 Sed
588 1398 647 1430 est
672 1389 923 1441 eloquentiae
948 1390 1050 1429 sicut
1075 1389 1312 1439 reliquarum
1338 1399 1468 1426 rerum

135 1454 440 1494 fundamentum
474 1455 676 1506 sapientia.
734 1457 788 1494 Vt
817 1455 923 1495 enim
952 1454 994 1493 in
1019 1454 1099 1493 vita
1131 1453 1188 1493 sic
1220 1452 1262 1491 in
1290 1451 1469 1492 oratione

10 1522 11 1526 ’
79 1531 121 1555 20
136 1518 234 1558 nihil
263 1527 323 1559 est
350 1519 547 1560 difficilius
576 1533 696 1571 quam
725 1519 822 1570 quid
850 1521 990 1559 deceat
1017 1518 1162 1558 videre.
1224 1517 1378 1568 Πρέποι]
1404 1529 1471 1566 ap-

136 1585 284 1634 pellant
317 1586 394 1623 hoc
425 1584 578 1632 Graeci,
609 1598 683 1625 nos
716 1584 896 1624 dicamus
930 1597 1024 1623 sane
1054 1584 1269 1631 decorum3
1307 1582 1358 1621 de
1388 1593 1470 1631 quo

136 1650 334 1699 praeclare
353 1657 392 1687 et
411 1651 535 1688 multa
553 1649 846 1700 praecipiuntur
865 1656 904 1688 et
922 1662 983 1688 res
1003 1655 1062 1688 est
1082 1647 1308 1699 cognitione
1327 1645 1472 1697 dignis-

138 1713 237 1752 sima
250 1728 262 1762 3
293 1710 409 1753 huius
437 1714 683 1765 ignoratione
711 1727 794 1754 non
822 1715 945 1754 modo
973 1713 1015 1752 in
1039 1713 1120 1752 vita
1144 1713 1215 1752 sed
1241 1711 1470 1762 saepissime

139 1785 179 1818 et
207 1778 247 1817 in
276 1778 470 1830 poematis
503 1787 542 1818 et
572 1778 612 1818 in
646 1779 824 1818 oratione
854 1786 1049 1830 peccatur.
1110 1779 1183 1817 Est
1209 1784 1343 1817 autem
1373 1775 1469 1827 quid
1488 1782 1527 1819 71

81 1858 121 1892 ²5
140 1845 280 1883 deceat
299 1844 443 1884 oratori
461 1843 679 1883 videndum
706 1858 788 1883 non
814 1843 855 1882 in
882 1842 1086 1883 sententiis
1109 1844 1238 1882 solum
1260 1843 1331 1882 sed
1351 1840 1470 1880 etiarn

139 1908 180 1948 in
210 1909 349 1949 verbis.
413 1911 507 1949 Non
541 1908 646 1949 enim
681 1908 811 1949 omnis
847 1910 1017 1957 fortuna,
1049 1921 1132 1947 non
1166 1907 1295 1947 omnis
1329 1908 1469 1954 honos,

140 1987 222 2013 non
260 1974 390 2014 omnis
422 1974 644 2022 auctoritas,
685 1987 766 2013 non
807 1973 938 2013 omnis
973 1980 1080 2013 aetas
1118 1986 1193 2012 nec
1230 1985 1323 2012 vero
1360 1973 1472 2011 locus

139 2046 207 2078 aut
233 2046 389 2090 tempus
414 2046 483 2078 aut
507 2038 663 2078 auditor
688 2037 818 2078 omnis
844 2039 986 2078 eodem
1011 2045 1078 2078 aut
1097 2037 1307 2077 verborum
1329 2049 1473 2087 genere

141 2105 368 2144 tractandus
397 2111 457 2143 est
483 2111 552 2144 aut
580 2103 862 2143 sententiarum
893 2116 1127 2154 semperque
1155 2101 1196 2141 in
1225 2101 1336 2141 omni
1363 2108 1474 2151 parte

83 2179 126 2214 30
142 2169 330 2209 orationis
363 2175 407 2208 ut
438 2168 542 2208 vitae
574 2168 671 2219 quid
704 2169 844 2208 deceat
876 2175 936 2208 est
968 2167 1301 2208 considerandum
1315 2180 1326 2215 3
1363 2166 1474 2216 quod

143 2242 182 2275 et
204 2234 246 2274 in
268 2248 309 2274 re
334 2235 386 2274 de
409 2247 488 2286 qua
510 2233 637 2285 agitur
664 2233 838 2286 positum
866 2239 925 2272 est
948 2239 987 2272 et
1010 2232 1050 2271 in
1076 2230 1254 2284 personis
1277 2238 1317 2271 et
1335 2244 1473 2271 eorum

189 2349 228 2371 12
251 2337 394 2371 oratoris
414 2337 480 2370 Iul.
501 2337 631 2369 Victor:
652 2336 816 2369 orationis
831 2335 862 2367 L
955 2346 992 2376 17
1018 2335 1140 2375 cuique
1161 2334 1212 2366 L:
1237 2332 1352 2365 ‘valde
1367 2343 1478 2365 vereor

144 2386 270 2424 nepos!
291 2383 410 2422 cuique
430 2381 577 2413 exa'derit
597 2391 718 2413 causae
731 2380 738 2393 '
764 2380 905 2421 Madvig
1057 2389 1099 2411 22
1122 2377 1297 2420 praeclare
1314 2381 1347 2410 et
1370 2377 1474 2409 multa

142 2425 173 2457 L
189 2429 217 2457 ct
230 2425 295 2460 Iul.
319 2425 395 2458 Vict.
412 2437 420 2458 ε
445 2425 549 2457 multa
565 2429 600 2457 et
615 2424 791 2466 praeclare
810 2422 934 2456 Goeller

1345 2474 1387 2507 9*
