1696 2730
0 1541 30 1595 ἐξ.

726 132 937 172 ToPICA
1467 143 1493 182 5
1513 141 1552 172 28

96 242 98 244 ’
160 257 262 294 quae
291 243 494 295 proposita
520 250 579 283 est
605 243 718 294 quasi
741 243 783 282 in
809 245 989 284 membra
1013 244 1257 296 discerpitur,
1279 252 1323 284 ut
1348 244 1381 284 si
1407 244 1496 296 quis

159 309 221 348 ius
246 308 360 348 civile
389 309 495 348 dicat
520 308 562 348 id
591 322 676 348 esse
706 310 816 359 quod
845 309 886 347 in
915 309 1078 360 legibus,
1102 317 1261 349 senatus
1290 310 1493 357 consultis,

114 405 117 407 .
161 373 278 413 rebus
298 372 496 422 iudicatis,
515 373 608 412 iuris
628 373 844 424 peritorum
864 374 1111 424 auctoritate,
1131 374 1271 414 edictis
1299 375 1497 426 magistra-

161 446 284 486 tuum,
300 452 419 486 more,
437 438 637 490 aequitate
653 439 853 478 consistat.
896 440 1150 479 Divisionum
1164 448 1298 479 autern
1314 440 1495 480 definitio

123 519 140 550 5
158 505 305 543 formas
331 504 461 543 omnis
489 503 765 555 complectitur
791 518 893 555 quae
920 506 994 544 sub
1021 519 1069 544 eo
1094 519 1238 556 genere
1267 513 1359 544 sunt
1385 507 1495 556 quod

159 569 344 608 definitur
369 570 447 608 hoc
477 570 623 608 modo:
657 569 911 609 Abalienatio
939 578 998 609 est
1018 570 1102 609 eius
1122 570 1177 609 rei
1197 584 1299 622 quae
1322 571 1495 622 mancipi

158 642 218 674 est
235 642 305 674 aut
327 634 484 674 traditio
513 634 623 674 alteri
650 649 751 674 nexu
779 643 847 674 aut
866 635 907 674 in
934 635 1016 675 iure
1043 636 1169 675 cessio
1198 636 1299 675 inter
1319 650 1419 687 quos
1449 650 1496 675 ea

159 699 241 739 iure
256 699 360 739 civili
374 699 456 739 fieri
470 707 647 751 possunt.
693 701 794 739 Sunt
813 700 931 739 etiarn
947 700 1024 739 alia
1042 714 1186 751 genera
1201 700 1492 748 definitionum,
1514 706 1552 752 6·

159 766 230 804 sed
259 766 311 804 ad
339 765 456 804 huius
486 765 574 804 libri
603 764 827 804 institutum
858 765 923 804 illa
951 765 1049 804 nihil
1078 766 1276 817 pertinent
1291 781 1301 815 3
1338 774 1493 805 tantum

105 847 139 868 10
159 839 219 870 est
238 830 454 870 dicendum
476 830 544 881 qui
565 830 614 868 sit
634 830 878 870 definitionis
905 833 1059 870 modus.
1119 831 1184 871 Sic
1207 831 1323 882 igitur
1342 840 1493 871 veteres
1515 847 1554 880 ²9

158 895 429 947 praecipiunt:
476 909 568 935 cum
607 895 820 946 sumpseris
863 910 910 935 ea
947 910 1049 947 quae
1097 896 1176 935 sint
1209 896 1246 936 ei
1284 897 1339 936 rei
1372 911 1493 948 quam

158 961 324 1001 definire
343 961 439 1000 velis
468 975 560 999 cum
580 961 666 1000 aliis
695 961 938 1010 communia,
958 975 1084 1012 usque
1111 976 1159 1001 eo
1179 961 1373 1013 persequi,
1396 964 1492 1001 dum

158 1025 362 1076 proprium
397 1026 596 1074 efficiatur,
634 1027 743 1076 quod
778 1028 926 1065 nullam
958 1026 997 1065 in
1032 1026 1149 1065 aliam
1181 1041 1264 1066 rem
1297 1027 1494 1066 transferri

159 1090 294 1142 possit.
343 1092 399 1129 Vt
418 1092 540 1130 haec:
572 1091 785 1130 Hereditas
801 1099 859 1130 est
879 1091 1059 1142 pecunia.
1100 1093 1328 1131 Commune
1342 1093 1495 1141 adhuc;

101 1170 139 1202 ¹5
161 1157 286 1195 multa
311 1155 418 1195 enim
446 1170 591 1207 genera
617 1156 820 1207 pecuniae.
879 1158 998 1196 Adde
1025 1158 1134 1207 quod
1161 1157 1362 1208 sequitur:
1391 1171 1494 1208 quae

160 1229 286 1260 morte
305 1221 469 1260 alicuius
489 1223 541 1260 ad
561 1221 790 1272 quempiam
810 1221 998 1272 pervenit.
1058 1223 1252 1261 Nondum
1279 1230 1338 1262 est
1358 1222 1495 1261 defini-

159 1286 239 1335 tio3
283 1286 417 1325 multis
456 1286 562 1325 enirn
594 1286 725 1326 modis
763 1286 848 1326 sine
882 1286 1100 1326 hereditate
1138 1287 1263 1326 teneri
1299 1287 1493 1338 pecuniae

159 1358 402 1390 mortuorum
437 1358 614 1401 possunt.
673 1353 809 1389 Vnum
847 1353 952 1391 adde
986 1352 1174 1391 verbum:
1213 1352 1320 1401 iure3
1358 1351 1437 1391 iam
1470 1366 1494 1391 a

157 1415 443 1455 communitate
463 1429 523 1455 res
544 1415 723 1455 diiuncta
744 1416 952 1464 videbitur,
969 1424 1011 1455 ut
1032 1416 1081 1455 sit
1100 1416 1293 1468 explicata
1313 1417 1493 1456 definitio

100 1500 140 1523 ιο
158 1480 239 1520 sic:
270 1480 487 1520 Hereditas
516 1489 576 1520 est
609 1481 779 1531 pecunia
805 1495 907 1532 quae
937 1490 1063 1521 morte
1089 1481 1253 1521 alicuius
1279 1483 1330 1521 ad
1358 1495 1494 1532 quem-

92 1554 94 1557 ’
156 1545 263 1596 piam
283 1545 461 1596 pervenit
487 1545 580 1585 iure.
641 1547 835 1585 Nondum
863 1554 922 1586 est
949 1546 1042 1585 satis
1056 1562 1067 1595 3
1095 1548 1225 1586 adde:
1254 1561 1329 1586 nec
1353 1561 1399 1586 ea
1423 1555 1492 1586 aut

156 1611 285 1661 legata
314 1617 554 1650 testamento
582 1618 652 1649 aut
680 1611 932 1661 possessione
960 1619 1113 1651 retenta
1126 1626 1137 1660 ;
1165 1613 1393 1651 confectum
1419 1619 1490 1652 est.

158 1677 342 1726 Itemque
382 1673 442 1729 [ut
479 1674 620 1729 illud]:
668 1676 848 1716 Gentiles
887 1684 979 1716 sunt
1024 1676 1124 1716 inter
1161 1690 1203 1716 se
1241 1677 1309 1728 qui
1347 1678 1492 1717 eodem

156 1740 319 1780 nomine
353 1748 454 1779 sunt.
514 1742 608 1780 Non
647 1749 706 1780 est
744 1741 848 1781 satis.
908 1741 990 1792 Qui
1026 1742 1076 1781 ab
1115 1741 1295 1793 ingenuis
1334 1742 1492 1782 oriundi

99 1823 138 1855 ²5
156 1813 258 1844 sunt.
318 1807 381 1845 Ne
412 1805 452 1845 id
481 1805 644 1856 quidem
679 1806 772 1845 satis
806 1814 875 1845 est.
935 1807 1117 1856 Quorum
1152 1806 1345 1846 maiorum
1371 1821 1491 1847 nemo

156 1870 383 1909 servitutem
418 1870 584 1910 servivit.
644 1872 771 1910 Abest
805 1871 924 1910 etiam
956 1885 1073 1910 nunc.
1134 1871 1214 1921 Qui
1248 1871 1378 1923 capite
1408 1885 1491 1911 non

156 1943 247 1975 sunt
275 1935 482 1975 deminuti.
542 1938 636 1975 Hoc
663 1937 827 1975 fortasse
854 1935 947 1975 satis
974 1943 1045 1976 est.
1102 1936 1212 1975 Nihil
1239 1937 1346 1975 enim
1373 1937 1490 1976 video

156 2002 386 2040 Scaevolam
435 2000 665 2051 pontificem
713 2002 764 2040 ad
808 2001 911 2040 hanc
954 2000 1228 2040 definitionem
1273 2001 1488 2041 addidisse.

157 2068 290 2117 Atque
310 2067 408 2105 haec
428 2066 527 2105 ratio
548 2067 650 2105 valet
677 2065 716 2104 in
738 2074 906 2116 utroque
932 2079 1075 2116 genere
1096 2066 1386 2115 definitionum,
1408 2067 1490 2107 sive

96 2145 138 2177 30
157 2130 197 2170 id
231 2131 340 2181 quod
379 2138 450 2179 est,
482 2130 563 2170 sive
602 2130 642 2170 id
681 2131 791 2181 quod
829 2130 1067 2181 intellegitur
1104 2132 1378 2171 definiendum
1417 2140 1487 2171 est.

158 2195 418 2235 Partitionum
468 2193 635 2249 [autem]
683 2203 722 2235 et
769 2195 1010 2235 divisionum
1051 2209 1176 2246 genus
1223 2197 1340 2247 quale
1386 2205 1490 2236 esset
1509 2217 1552 2248 30

156 2261 417 2309 ostendimus,
441 2262 512 2300 sed
541 2260 638 2312 quid
665 2259 766 2299 inter
794 2274 836 2300 se
871 2259 1053 2300 differant
1082 2261 1238 2312 planius
1271 2261 1489 2302 dicendum

156 2334 225 2366 est.
286 2327 335 2365 In
369 2325 580 2377 partitione
610 2325 722 2376 quasi
753 2326 932 2365 membra
962 2333 1063 2375 sunt,
1095 2334 1138 2365 ut
1166 2326 1340 2378 corporis
1369 2335 1488 2378 caput

199 2439 217 2470 7
235 2438 326 2460 nexo
335 2427 406 2460 Aa¹
490 2438 532 2468 23
550 2428 678 2460 utillud
689 2427 758 2460 secl.
772 2427 932 2459 Friedrich
999 2437 1037 2468 31
1058 2434 1170 2460 autem
1182 2429 1252 2462 secl.
1266 2421 1457 2463 Lambinus
