1696 2730
670 149 908 190 ORATOR
1406 161 1459 200 33
1482 167 1494 190 1
1507 159 1544 190 16

126 261 252 313 agitur
283 262 457 301 ostendit
489 275 609 313 quam
642 262 872 302 brevissime
885 277 896 311 3
937 269 1036 312 tum,
1069 270 1113 302 ut
1145 263 1232 311 scis,
1265 264 1459 315 explicato

125 340 270 378 genere
299 327 491 378 cuiusque
527 327 583 366 rei
612 327 831 367 videndum
861 335 921 367 est
951 342 1053 379 quae
1086 328 1164 367 sint
1194 328 1278 368 eius
1306 330 1459 380 generis

127 391 208 431 sive
238 394 387 432 formae
415 392 496 432 sive
525 401 666 444 partes,
697 401 741 432 ut
772 393 813 432 in
843 407 910 433 eas
942 394 1135 433 tribuatur
1163 394 1292 433 omnis
1321 395 1457 435 oratio.

128 456 213 496 Erit
231 457 346 508 igitur
371 459 470 497 haec
494 459 659 498 facultas
684 458 726 497 in
749 472 798 498 eo
827 472 946 509 quern
966 461 1149 498 volumus
1169 473 1255 499 esse
1274 462 1459 511 eloquen-
1481 478 1543 510 ¹17

89 531 108 564 5
127 530 220 571 tem,
252 531 295 562 ut
324 523 489 563 definire
521 537 604 563 rem
641 524 766 574 possit
803 538 878 563 nec
915 524 957 564 id
990 524 1107 564 faciat
1140 532 1221 564 tarn
1254 539 1387 576 presse
1421 533 1460 564 et

126 596 292 638 anguste
329 602 449 639 quarn
492 588 533 627 in
574 588 650 628 illis
691 589 964 629 eruditissimis
1002 589 1338 640 disputationibus
1377 590 1460 630 fieri

127 654 240 702 solet,
263 655 333 693 sed
363 667 453 693 cum
483 654 728 705 explanatius
757 662 842 693 tum
871 655 990 694 etiam
1019 655 1178 694 uberius
1207 662 1246 694 et
1273 657 1326 694 ad
1355 669 1460 695 com-

127 731 249 758 mune
289 718 481 758 iudicium
526 721 839 771 popularemque
882 720 1191 771 intellegentiam
1236 734 1461 760 accommo-

12 829 14 833 .
127 783 284 832 datius;
312 784 501 835 idemque
528 784 659 834 etiam,
689 799 782 824 cum
810 799 871 825 res
899 785 1125 837 postulabit,
1156 800 1280 837 genus
1309 786 1460 825 univer-

71 864 111 888 10
129 851 216 888 s‘um
237 849 277 887 in
298 849 448 900 species
468 857 603 898 certas,
626 858 669 889 ut
688 853 796 890 nulla
821 865 951 902 neque
977 851 1307 902 praetermittatur
1329 865 1460 902 neque

12 905 14 909 ’
128 916 337 963 redundet,
366 915 554 966 partietur
589 929 636 954 ac
674 916 834 956 dividet.
893 918 1069 966 Quando
1101 924 1235 956 autem
1268 917 1310 956 id
1342 917 1460 956 faciat

126 987 194 1018 aut
225 994 305 1030 quo
335 981 469 1028 modo,
499 980 598 1019 nihil
630 983 682 1020 ad
714 983 792 1022 hoe
825 990 993 1033 tempus,
1029 982 1230 1033 quoniam,
1263 990 1306 1021 ut
1343 996 1461 1033 supra

127 1044 218 1092 dixi,
253 1045 426 1084 iudicem
459 1059 546 1085 esse
579 1060 656 1095 me,
686 1061 768 1086 non
805 1049 1011 1087 doctorem
1039 1049 1142 1087 volo.
1201 1049 1287 1086 Nec
1316 1060 1408 1086 vero
1436 1061 1460 1086 a
1480 1049 1542 1080 118

15 1152 22 1159 ς
128 1110 343 1150 dialecticis
364 1112 487 1150 modo
506 1110 555 1150 sit
574 1111 787 1151 instructus
807 1121 845 1152 et
870 1113 1015 1151 habeat
1035 1112 1165 1152 omnis
1184 1112 1460 1163 philosophiae

8 1183 38 1227 [
71 1193 111 1227 ¹5
128 1183 245 1215 notos
264 1189 310 1215 ac
330 1183 515 1215 tractatos
541 1177 661 1216 locos.
721 1177 831 1216 Nihil
861 1179 967 1217 enim
993 1179 1044 1217 de
1070 1177 1271 1228 religione,
1290 1177 1388 1215 nihil
1408 1178 1460 1216 de

128 1249 267 1290 morte,
296 1240 393 1279 nihil
421 1242 472 1280 de
504 1241 660 1292 pietate,
692 1243 790 1281 nihil
820 1244 870 1282 de
900 1243 1060 1283 caritate
1090 1243 1247 1294 patriae,
1281 1243 1379 1281 nihil
1409 1244 1460 1282 de

8 1350 21 1364 ἡ
129 1307 244 1346 bonis
273 1308 389 1346 rebus
422 1314 491 1345 aut
520 1307 642 1355 malis,
674 1308 772 1347 nihil
802 1310 853 1348 de
882 1308 1091 1348 virtutibus
1121 1316 1189 1348 aut
1216 1308 1329 1355 vitiis,
1361 1307 1460 1346 nihil

26 1377 28 1379 ’
78 1388 80 1390 ’
127 1373 179 1412 de
205 1372 367 1421 officios,
389 1373 486 1412 nihil
510 1376 562 1414 de
585 1375 734 1422 dolore,
760 1374 857 1412 nihil
886 1375 937 1413 de
955 1375 1171 1425 voluptate,
1190 1373 1288 1412 nihil
1308 1374 1359 1413 de
1378 1387 1462 1424 per-

25 1481 41 1502 4
129 1437 419 1478 turbationibus
455 1439 578 1478 animi
616 1446 655 1478 et
692 1438 898 1486 erroribus,
939 1452 1041 1489 quae
1078 1452 1196 1490 saepe
1234 1440 1382 1478 cadunt
1419 1438 1461 1477 in

9 1506 38 1559 Ξ
70 1517 111 1541 20
129 1515 266 1542 causas
295 1512 335 1542 et
361 1504 530 1544 ieiunius
558 1512 739 1555 aguntur,
768 1504 879 1553 nihil,
904 1504 1079 1555 inquam,
1107 1504 1192 1543 sine
1221 1518 1268 1543 ea
1296 1503 1462 1542 scientia

35 1566 38 1567 ⁷
129 1581 249 1618 quam
269 1568 349 1608 dixi
368 1570 534 1620 graviter
551 1571 683 1621 ample
703 1569 864 1620 copiose
884 1569 963 1608 dici
982 1577 1021 1609 et
1041 1569 1224 1620 explicari
1244 1576 1384 1620 potest.

184 1635 247 1672 De
277 1634 439 1674 materia
475 1637 616 1686 loquor
652 1634 840 1674 orationis
873 1634 992 1674 etiarn
1022 1648 1144 1683 nunc,
1173 1647 1255 1673 non
1288 1635 1339 1673 de
1372 1633 1459 1685 ipso

128 1711 271 1750 genere
304 1699 475 1739 dicendi.
533 1701 638 1739 Volo
671 1699 779 1739 enim
816 1699 923 1751 prius
955 1700 1101 1739 habeat
1131 1706 1261 1739 orator
1293 1712 1376 1737 rem
1409 1700 1461 1738 de

129 1776 208 1814 qua
236 1764 353 1812 dicat,
379 1765 544 1816 ,dignam
581 1765 741 1804 auribus
779 1765 952 1812 eruditis,
985 1778 1103 1815 quarn
1139 1764 1284 1815 cogitet
1317 1764 1462 1815 quibus

72 1841 112 1875 ²5
129 1828 258 1868 verbis
288 1830 466 1881 quidque
499 1830 605 1870 dicat
636 1829 719 1883 [aut
749 1844 830 1881 quo
863 1828 1003 1883 modo]
1018 1844 1029 1878 3
1070 1843 1189 1880 quem
1219 1829 1348 1877 etiam,
1381 1842 1461 1880 quo

128 1894 313 1944 grandior
341 1895 390 1934 sit
415 1904 454 1935 et
483 1897 658 1947 quodam
689 1897 812 1935 modo
840 1895 1042 1944 excelsior,
1061 1902 1105 1933 ut
1132 1895 1184 1934 de
1205 1894 1354 1934 Pericle
1380 1894 1462 1933 dixi

130 1971 260 2009 supra,
288 1973 338 1999 ne
367 1961 620 2011 physicorum
649 1961 811 2011 quidem
841 1974 927 2000 esse
955 1960 1134 2011 ignarum
1153 1961 1256 1999 volo.
1315 1959 1463 1999 Omnia

130 2026 318 2074 profecto,
349 2040 440 2065 cum
470 2040 512 2066 se
540 2040 564 2065 a
591 2026 826 2066 caelestibus
855 2026 972 2065 rebus
1001 2027 1140 2065 referet
1168 2026 1221 2064 ad
1253 2026 1460 2072 humanas,

130 2090 320 2130 excelsius
352 2091 747 2143 magnificentiusque
777 2099 816 2130 et
846 2091 952 2131 dicet
982 2098 1021 2130 et
1049 2090 1202 2130 sentiet.
1262 2091 1367 2130 Cum
1396 2090 1462 2130 illa
1481 2107 1546 2130 120

20 718 21 721 ,

1478 1614 1531 1653 34

1483 1677 1544 1708 119

178 2204 212 2225 11
238 2196 374 2235 quando
390 2200 504 2227 autem
522 2200 579 2227 aut
597 2197 647 2229 (et
664 2194 752 2234 PM)
771 2196 942 2236 quomodo
958 2195 991 2226 id
1008 2195 1112 2227 facias
1129 2195 1157 2226 L
1294 2204 1332 2235 13
1354 2206 1374 2226 a
1390 2206 1457 2227 om.

132 2237 225 2269 FPO
340 2240 380 2269 16
403 2245 510 2271 morte
526 2239 638 2270 FPO:
663 2249 756 2271 more
771 2239 805 2270 A
922 2250 958 2279 17
985 2238 1081 2270 novis
1097 2239 1198 2270 rebus
1215 2238 1317 2269 FPM
1331 2249 1338 2269 :
1363 2239 1463 2271 rebus

132 2281 230 2313 novis
248 2282 279 2313 Ο
422 2284 461 2314 18
485 2284 602 2315 officiis
618 2283 650 2314 A
786 2293 830 2314 20
853 2288 886 2315 et
901 2283 935 2314 A
952 2294 960 2314 :
983 2283 1043 2314 sed
1064 2281 1095 2312 L
1183 2286 1218 2313 et
1234 2305 1242 2313 .
1260 2306 1267 2313 .
1288 2305 1296 2314 .
1315 2287 1465 2322 aguntur

130 2325 198 2356 secl.
218 2325 357 2356 Rubner
484 2336 526 2367 25
548 2331 606 2358 aut
628 2337 695 2367 quo
712 2327 812 2358 modo
832 2338 897 2358 om.
916 2326 950 2356 A
978 2327 1027 2357 ml
1164 2335 1204 2366 27
1229 2325 1306 2357 volo
1321 2326 1462 2357 omnino

132 2369 254 2399 maluit
275 2368 365 2443 {ake
510 2371 553 2402 28
575 2381 650 2403 cum
669 2394 676 2402 .
697 2393 704 2401 .
723 2394 731 2402 .
747 2371 911 2402 humanas
934 2370 1003 2402 secl.
1026 2367 1180 2400 Hoerner
1306 2379 1349 2410 29
1373 2380 1463 2402 cum·

130 2416 197 2452 que
213 2412 270 2443 illa

173 2475 236 2498 cxc.
254 2476 396 2499 oux-roa
1336 2469 1376 2500 10
