1696 2730
437 122 820 162 PARTITIONES
858 121 1196 161 ORATORIAE
1431 129 1476 167 31
1497 134 1558 167 109

148 235 334 276 veniendi
365 233 462 274 locis
499 232 726 273 coiciantur.
789 232 912 280 Quod
944 244 1188 281 quamquam
1221 230 1314 270 satis
1351 239 1411 270 est
1441 231 1478 271 ei

149 299 217 351 qui
236 299 349 339 videt
362 298 459 350 quid
484 297 526 336 in
545 310 706 349 quoque
725 297 815 335 loco
834 297 953 334 lateat
971 295 1119 346 quique
1142 294 1230 334 illos
1253 297 1363 334 locos
1383 303 1479 334 tam-

148 378 268 416 quam
288 366 492 404 thesauros
510 363 664 413 aliquos
687 369 1008 413 argumentorum
1028 368 1186 400 notatos
1205 361 1326 400 habet
1345 369 1479 401 tamen

148 443 196 470 ea
225 443 328 481 quae
365 437 457 468 sunt
489 436 682 468 certarum
719 440 926 466 causarum
959 426 1117 477 propria
1144 434 1362 478 tangemus.
1430 428 1479 466 In

111 507 129 540 5
149 495 376 535 coniectura
394 494 520 545 igitur,
542 507 634 532 cum
654 500 713 532 est
732 492 773 531 in
792 491 1000 531 infitiando
1023 505 1123 540 reUS,
1143 491 1362 531 accusatori
1381 493 1481 531 haec

149 560 276 612 prima
294 561 376 599 duo
402 559 621 598 sunt—sed
646 565 916 597 accusatorem
942 570 1013 608 pro
1039 556 1150 596 omni
1172 564 1367 604 actore-et
1386 556 1481 608 peti-

150 633 234 664 tore
252 626 410 676 appello
424 639 434 673 ς
463 631 630 675 possunt
648 622 755 662 enirn
775 621 894 661 etiam
914 622 999 661 sine
1021 621 1274 661 accusatione
1292 622 1333 660 in
1353 622 1481 661 causis

150 691 248 729 haec
269 691 409 729 eadem
430 688 783 728 controversiarum
802 701 945 738 genera
964 686 1173 735 versari—,
1191 688 1262 726 sed
1280 688 1380 726 haec
1400 688 1481 726 duo

152 762 244 794 sunt
263 754 300 793 ei
318 754 454 805 prima,
476 767 595 793 causa
614 760 653 792 et
672 759 848 792 eventus.
906 753 1079 792 Causam
1105 753 1263 803 appello
1288 751 1482 791 rationem

95 835 136 859 10
154 819 360 867 efficiendi,
401 826 587 858 eventum
632 818 674 857 id
711 818 821 868 quod
861 825 920 856 est
959 818 1155 856 effectum.
1218 818 1352 867 Atque
1398 816 1483 867 ipsa

153 884 317 935 quidem
336 883 493 935 partitio
519 896 725 922 causarum
749 883 868 933 paulo
893 889 985 921 ante
1004 881 1046 920 in
1066 881 1260 921 suasionis
1286 881 1383 921 locis
1409 881 1484 921 dis-

154 949 298 989 tributa
317 958 386 988 est.
442 950 556 998 Quae
576 947 739 987 enimin
759 947 926 986 consilio
945 947 1141 998 capiendo
1161 947 1281 986 futuri
1295 946 1484 997 temporis
1505 960 1565 982 ιιι

152 1014 504 1066 praecipiebantur,
540 1027 659 1064 quam
698 1013 752 1052 ob
789 1026 871 1051 rem
909 1019 977 1051 aut
1014 1011 1223 1051 utilitatem
1260 1012 1486 1051 viderentur

154 1079 336 1118 habitura
376 1087 444 1118 aut
483 1078 680 1118 efficiendi
718 1079 957 1126 facultatem,
997 1078 1149 1125 eadem,
1185 1077 1254 1128 qui
1291 1078 1342 1116 de
1379 1078 1485 1116 facto

98 1162 135 1194 15
153 1144 500 1195 argumentabitur,
531 1143 729 1193 conligere
759 1142 933 1190 debebit,
961 1156 1082 1193 quam
1115 1143 1167 1182 ob
1196 1155 1278 1181 rem
1308 1149 1348 1181 et
1375 1141 1487 1180 utilia

154 1209 220 1258 illi,
242 1223 362 1260 quem
388 1217 534 1260 arguet,
556 1208 675 1247 fuisse
698 1215 737 1247 et
762 1208 813 1247 ab
840 1221 888 1247 eo
912 1207 1013 1246 effici
1032 1206 1208 1258 potuisse
1227 1208 1483 1246 demonstret.

155 1274 343 1313 Vtilitatis
380 1274 607 1314 coniectura
644 1281 834 1320 movetur,
866 1272 899 1311 si
931 1272 1030 1311 illud
1063 1273 1174 1322 quod
1213 1271 1386 1322 arguitur
1418 1278 1487 1310 aut

155 1353 225 1391 spe
262 1340 460 1379 bonorum
497 1346 565 1378 aut
602 1340 797 1377 malorum
836 1344 945 1376 metu
983 1336 1122 1376 fecisse
1160 1336 1302 1376 dicitur
1319 1351 1330 1386 ;
1376 1337 1487 1387 quod

156 1406 199 1444 fit
231 1404 370 1452 acrius,
404 1418 485 1455 quo
523 1403 589 1442 illa
625 1403 666 1442 in
704 1410 873 1453 utroque
910 1416 1053 1453 genere
1090 1401 1240 1441 maiora
1272 1409 1485 1452 ponuntur.

97 1485 138 1508 20
155 1470 344 1520 Spectant
376 1468 495 1508 etiam
532 1469 584 1508 ad
616 1481 776 1507 causam
809 1466 902 1505 facti
935 1474 1066 1505 motus
1098 1466 1334 1514 animorum,
1367 1466 1399 1505 si
1432 1466 1488 1505 ira
1509 1480 1569 1503 112

155 1547 302 1581 recens,
334 1533 366 1572 si
395 1533 532 1573 odium
565 1540 688 1581 vetus,
722 1531 755 1570 si
787 1530 1006 1570 ulciscendi
1039 1531 1226 1578 studium,
1258 1530 1291 1570 si
1324 1530 1488 1570 iniuriae

156 1600 280 1646 dolor,
303 1598 335 1637 si
364 1597 539 1646 honoris,
558 1597 590 1636 si
609 1596 766 1647 gloriae,
787 1595 819 1635 si
838 1595 988 1647 imperi,
1007 1595 1039 1635 si
1058 1595 1251 1646 pecuniae
1279 1595 1487 1646 cupiditas,

157 1664 189 1704 si
215 1663 378 1715 periculi
405 1662 532 1711 timor,
555 1662 587 1701 si
612 1675 678 1701 aes
704 1661 888 1708 alienum,
912 1660 944 1699 si
966 1660 1170 1711 angustiae
1196 1660 1251 1700 rei
1276 1660 1488 1708 familiaris,

158 1729 191 1768 si
213 1730 352 1775 audax,
376 1727 408 1767 si
431 1727 538 1776 levis,
560 1726 592 1766 si
618 1726 798 1774 crudelis,
821 1725 853 1764 si
879 1725 1088 1776 impotens,
1110 1725 1143 1764 si
1169 1725 1361 1774 incautus,
1383 1725 1416 1765 si
1435 1725 1491 1764 in-

100 1809 140 1841 ²5
159 1793 316 1845 sipiens,
339 1793 371 1832 si
396 1805 545 1840 amans,
573 1791 606 1830 si
634 1799 836 1830 commota
864 1797 1009 1838 mente,
1031 1790 1063 1829 si
1082 1790 1318 1839 vinolentus,
1340 1790 1373 1830 si
1398 1804 1490 1830 cum

159 1872 230 1910 spe
258 1857 464 1906 efficiendi,
490 1856 523 1896 si
551 1870 643 1896 cum
674 1855 863 1907 opinione
893 1854 1049 1894 celandi
1078 1862 1156 1903 aut,
1188 1854 1221 1894 si
1249 1857 1491 1906 patefactum

158 1931 272 1972 esset,
302 1921 530 1974 depellendi
563 1921 736 1961 criminis
765 1921 826 1959 vel
855 1919 1135 1971 perrumpendi
1163 1919 1328 1971 periculi
1356 1921 1418 1959 vel
1450 1920 1492 1959 in

158 1988 421 2039 longinquum
452 1995 608 2038 tempus
638 1985 869 2034 differendi3
901 1992 970 2024 aut
995 1984 1029 2024 si
1061 1984 1183 2024 iudici
1210 1998 1341 2036 poena
1370 1985 1493 2025 levior

160 2067 280 2105 quam
299 2053 392 2092 facti
411 2052 630 2104 praemium
646 2066 656 2100 ;
684 2059 752 2090 aut
771 2051 804 2089 si
823 2049 1007 2090 facinoris
1026 2051 1208 2101 voluptas
1228 2049 1353 2090 maior
1371 2063 1492 2101 quarn

103 2131 144 2163 30
161 2118 427 2158 damnationis
460 2119 584 2157 dolor.
654 2116 731 2155 His
774 2115 881 2155 enim
918 2116 998 2155 fere
1035 2115 1152 2154 rebus
1190 2114 1282 2154 facti
1319 2114 1492 2166 suspicio
1514 2127 1575 2158 113

161 2184 425 2230 confirmatur,
449 2195 540 2222 cum
567 2190 606 2221 et
625 2180 839 2221 voluntatis
865 2179 906 2219 in
929 2193 996 2219 reo
1023 2193 1165 2220 causae
1190 2179 1436 2231 reperiuntur
1454 2187 1495 2219 et

1497 398 1548 435 32

1500 458 1562 481 110

207 2294 246 2324 18
269 2292 391 2324 dicitur
405 2291 494 2333 vulg.
515 2303 522 2323 :
546 2292 679 2322 dicatur
694 2289 728 2321 P
836 2300 879 2321 20
902 2288 1067 2330 Spectant
1078 2289 1181 2320 nescio
1196 2299 1269 2330 quts
1283 2287 1378 2330 apud
1390 2288 1494 2319 Lam-

159 2335 314 2411 binus-n}²
332 2340 531 2376 spectantur
552 2335 641 2377 vulg.
842 2343 883 2374 27
908 2333 1095 2374 periculum
1121 2332 1155 2364 P
1325 2333 1368 2364 28
1402 2331 1494 2364 dese-

162 2388 223 2411 ren
249 2389 260 2410 1
