1630 2730
138 166 155 192 1
175 172 194 204 3
545 156 601 195 M.
633 156 803 194 TVLLI
834 155 1144 196 CICERONIS

174 269 225 308 ab
252 268 320 308 illo
347 282 470 315 meus,
494 269 565 307 sed
591 275 729 307 contra
755 281 910 319 semper
935 269 1032 307 alter
1057 267 1109 307 ab
1134 269 1258 307 altero
1283 267 1443 307 adiutus
1469 274 1508 306 et

135 348 155 378 4
176 334 514 373 communicando
534 341 573 373 et
593 335 797 373 monendo
818 341 856 372 et
875 335 1058 373 favendo.
1117 334 1197 372 Sed
1217 333 1405 384 quoniam
1427 346 1511 384 per-

175 408 295 451 petua
322 401 495 451 quadam
523 399 709 439 felicitate
733 413 827 439 usus
847 399 913 439 ille
939 399 1106 439 excessit
1133 413 1155 439 e
1181 399 1261 438 vita
1287 413 1359 438 suo
1385 398 1510 450 magis

176 479 296 516 quam
326 479 487 504 suorum
517 465 663 504 civium
693 473 871 515 tempore
900 472 939 504 et
965 473 1049 503 tum
1080 464 1227 504 occidit
1255 479 1346 504 cum
1377 466 1511 515 lugere
1623 469 1630 558 ¹

175 531 327 570 facilius
347 545 430 570 rem
457 530 659 581 publicam
684 538 830 581 posset,
853 530 884 569 si
909 530 1067 578 viveret,
1090 541 1211 581 quam
1237 529 1380 578 iuvare,
1401 529 1511 569 vixit-
1530 535 1548 568 5
1623 571 1630 590 4

176 611 254 648 que
274 604 355 635 tam
382 596 451 636 diu
475 610 595 647 quam
621 596 731 635 licuit
756 596 797 635 in
824 596 981 635 civitate
1011 596 1113 635 bene
1143 596 1338 647 beateque
1357 596 1511 635 vivere:
1624 605 1630 642 1

176 670 312 701 nostro
332 662 592 701 incommodo
613 662 942 713 detrimentoque,
966 661 998 700 si
1021 670 1080 701 est
1107 661 1160 700 ita
1186 675 1359 709 necesse,
1381 663 1513 701 dolea-
1626 643 1630 667 Ι

177 742 276 775 mus,
299 728 401 767 illius
426 742 518 767 vero
545 728 681 767 mortis
713 727 1050 779 opportunitatem
1078 727 1357 767 benevolentia
1379 727 1511 778 potius
1626 717 1630 742 ³

178 808 298 844 quam
336 793 606 833 misericordia
643 807 944 844 prosequamur,
975 801 1029 841 ut,
1063 792 1423 844 quotienscumque
1460 794 1512 832 de
1624 745 1630 834 l

178 859 395 899 clarissimo
415 867 454 898 et
478 859 710 899 beatissimo
730 859 814 898 viro
840 858 1071 909 cogitemus,
1094 857 1205 896 illum
1232 858 1364 908 potius
1391 872 1511 910 quam
1535 873 1574 895 10
1624 855 1630 907 ξ

138 935 155 966 5
178 934 335 965 nosmet
355 926 462 977 ipsos
487 926 648 977 diligere
668 925 884 964 videamur.
944 926 1050 963 Nam
1071 924 1103 963 si
1124 924 1165 963 id
1185 925 1379 973 dolemus,
1403 926 1513 979 quod
1625 909 1630 928 Ι

177 1005 226 1030 eo
255 991 333 1030 iam
363 991 438 1030 frui
466 991 583 1030 nobis
612 1005 694 1030 non
723 991 825 1039 licet,
856 998 1036 1029 nostrum
1066 997 1125 1029 est
1153 989 1194 1029 id
1224 992 1373 1029 malum
1403 992 1514 1042 quod

178 1056 336 1096 modice
364 1058 547 1105 feramus,
576 1071 627 1096 ne
653 1056 695 1096 id
721 1070 803 1095 non
829 1057 881 1095 ad
907 1055 1122 1095 amicitiam
1151 1057 1223 1095 sed
1248 1057 1300 1095 ad
1327 1056 1514 1095 domesti-

178 1136 266 1161 cam
287 1122 497 1161 utilitatem
517 1124 658 1161 referre
677 1122 907 1170 videamur3
936 1121 996 1160 sin
1017 1129 1220 1172 tamquam
1240 1121 1296 1160 illi
1315 1121 1390 1172 ipsi
1408 1135 1514 1161 acer-

179 1187 312 1227 bitatis
340 1187 492 1239 aliquid
520 1187 708 1227 acciderit
736 1187 927 1238 angimur,
950 1200 1147 1225 summam
1171 1186 1255 1226 eius
1284 1186 1512 1226 felicitatem
1536 1195 1574 1227 ¹5
1626 1183 1630 1192 ’

180 1267 263 1293 non
283 1253 375 1292 satis
394 1261 505 1305 grato
524 1253 659 1292 animo
678 1253 990 1304 interpretamur.

137 1297 162 1378 Ξ
237 1319 398 1358 Etenim
437 1319 469 1358 si
499 1319 645 1358 viveret
677 1320 727 1368 Q.
760 1319 1012 1366 Hortensius,
1048 1326 1178 1358 cetera
1210 1320 1376 1358 fortasse
1414 1317 1515 1358 desi·
1626 1300 1630 1320 ἃ

179 1387 333 1425 deraret
365 1399 445 1425 una
478 1399 570 1424 cum
601 1384 761 1435 reliquis
794 1384 910 1423 bonis
944 1392 983 1423 et
1015 1384 1182 1423 fortibus
1213 1384 1376 1432 civibus,
1408 1386 1515 1423 hunc
1623 1346 1630 1440 l

177 1458 311 1490 autern
340 1457 411 1489 aut
441 1458 594 1501 praeter
617 1458 768 1489 ceteros
797 1457 864 1488 aut
890 1463 982 1489 curn
1009 1449 1144 1500 paucis
1169 1449 1379 1488 sustineret
1405 1451 1516 1488 dolo·
1622 1447 1623 1450 '

178 1530 272 1564 rem,
287 1530 380 1556 cum
395 1518 524 1555 forum
544 1515 682 1567 populi
703 1515 889 1563 Romani,
905 1516 1015 1566 quod
1034 1514 1171 1554 fuisset
1186 1514 1299 1566 quasi
1314 1516 1513 1554 theatrum
1535 1510 1576 1548 22>

179 1582 282 1621 illius
311 1582 456 1633 ingeni,
487 1595 585 1621 voce
614 1581 768 1621 erudita
797 1589 835 1620 et
863 1581 1056 1620 Romanis
1083 1581 1325 1631 Graecisque
1354 1580 1515 1620 auribus
1575 1601 1586 1610 ·

141 1656 158 1690 7
180 1648 300 1699 digna
333 1647 546 1699 spoliatum
580 1655 701 1698 atque
730 1647 913 1686 orbatum
942 1646 1103 1686 videret.
1164 1645 1364 1697 Equidem
1392 1659 1516 1698 angor

179 1714 315 1753 animo
341 1727 423 1753 non
443 1713 594 1761 consili,
618 1726 700 1752 non
723 1712 868 1763 ingeni,
891 1726 973 1751 non
996 1711 1238 1762 auctoritatis
1258 1711 1376 1751 armis
1403 1725 1517 1763 egere

180 1794 263 1819 rem
283 1779 496 1831 publicam,
513 1793 615 1830 quae
636 1778 854 1818 didiceram
876 1785 1041 1817 tractare
1058 1777 1283 1828 quibusque
1305 1791 1368 1816 me
1387 1791 1518 1817 assue-

179 1847 350 1885 feceram
364 1858 547 1896 quaeque
563 1852 674 1884 erant
693 1843 852 1895 propria
867 1857 960 1882 curn
980 1842 1214 1894 praestantis
1234 1843 1275 1881 in
1295 1857 1336 1882 re
1355 1842 1518 1894 publica
1539 1856 1576 1888 ²5
1625 1878 1630 1897 Ξ

180 1910 251 1949 viri
271 1918 355 1949 tum
378 1910 481 1949 bene
507 1918 683 1949 moratae
702 1917 741 1948 et
762 1909 865 1948 bene
891 1908 1131 1948 constitutae
1155 1907 1333 1947 civitatis.
1394 1909 1518 1957 Quod
1622 1902 1630 1907 '¹

181 1976 213 2014 si
241 1975 314 2015 fuit
342 1975 382 2014 in
412 1989 453 2015 re
481 1975 642 2026 publica
672 1982 830 2025 tempus
861 1975 998 2022 ullum,
1027 1987 1119 2013 cum
1149 1980 1382 2024 extorquere
1408 1986 1519 2012 arma

180 2048 315 2093 posset
338 2055 360 2080 e
384 2040 569 2080 manibus
598 2040 786 2079 iratorum
816 2039 961 2078 civium
990 2038 1087 2078 boni
1115 2038 1211 2078 civis
1239 2037 1451 2078 auctoritas
1480 2045 1520 2078 et

182 2106 318 2154 oratio,
345 2114 431 2145 tum
459 2107 638 2157 profecto
663 2105 736 2144 suit
765 2118 858 2143 cum
886 2103 1149 2155 patrocinium
1176 2103 1285 2154 pacis
1315 2105 1519 2143 exclusum

144 2178 162 2208 8
183 2180 242 2212 est
275 2179 343 2211 aut
377 2185 507 2211 errore
541 2171 751 2211 hominum
784 2177 852 2209 aut
885 2170 1037 2209 timore.
1097 2171 1160 2209 Ita
1191 2168 1393 2208 nobismet
1425 2169 1520 2221 ipsis
1540 2185 1582 2217 30

228 2287 248 2316 3
272 2276 422 2307 excessit
436 2275 548 2307 Bake:
571 2277 676 2307 cessit
693 2275 719 2305 L
855 2283 893 2314 15
917 2275 1074 2314 angimur
1085 2273 1174 2314 vulg.
1191 2284 1198 2304 :
1223 2273 1360 2313 angitur
1377 2272 1523 2304 0²B¹H1
1618 2275 1630 2328 {ss

187 2321 236 2360 18,
254 2330 293 2360 19
318 2321 406 2351 hunc
422 2324 536 2350 autem
553 2324 611 2351 aut
621 2318 767 2350 Piderit:
786 2319 874 2350 hunc
890 2324 1004 2349 autem
1016 2317 1090 2349 etL
1106 2329 1114 2348 ε
1137 2318 1227 2348 hunc
1238 2322 1296 2348 aut
1307 2316 1500 2349 Lambinus
1514 2329 1521 2349 :
1621 2320 1626 2327 “

184 2366 274 2395 hunc
291 2369 404 2395 autem
419 2363 550 2394 Ellendt
636 2373 677 2402 24
702 2363 867 2395 didicerat
883 2362 939 2393 ille
956 2368 996 2393 tr.
1015 2361 1137 2392 maluit
1150 2360 1311 2393 Friedrich
1399 2371 1444 2401 30
1462 2367 1521 2394 aut

182 2418 299 2440 errore
313 2408 402 2450 vulg.
419 2419 425 2439 :
449 2412 507 2439 aut
523 2413 655 2439 terrore
671 2406 701 2437 L
790 2406 874 2447 ipsis
891 2417 957 2438 om.
974 2404 1090 2436 BHM
