1696 2730
739 143 952 184 TOPICA
1478 141 1505 180 8
1523 155 1566 189 33

176 256 364 295 formulas
391 255 573 306 partiare,
599 269 682 295 non
712 263 772 295 est
798 255 984 295 vitiosum
1017 254 1059 293 in
1089 268 1130 294 re
1158 253 1312 293 infinita
1339 261 1506 306 praeter-

178 321 333 361 mittere
370 321 531 372 aliquid.
595 322 718 371 Quod
756 321 864 361 idem
902 321 943 360 in
981 320 1176 360 divisione
1207 319 1394 360 vitiosum
1432 328 1500 359 est.

179 388 410 426 Formarum
440 386 547 426 enim
579 394 709 426 certus
741 394 801 426 est
834 399 1022 426 numerus
1060 399 1163 437 quae
1195 385 1340 436 cuique
1371 384 1505 436 generi

177 451 422 491 subiciantur
434 466 445 501 ;
482 451 652 503 partium
681 452 906 492 distributio
937 465 1055 504 saepe
1085 459 1144 492 est
1176 451 1376 499 infinitior,
1409 458 1506 490 tam-

141 528 159 560 5
178 530 298 568 quam
318 516 489 556 rivorum
509 531 533 556 a
551 519 660 557 fonte
678 517 871 573 diductio.
931 519 1073 568 Itaque
1092 517 1133 556 in
1159 516 1336 557 oratoriis
1355 516 1505 556 artibus
1525 532 1567 566 34

177 581 420 633 quaestionis
451 596 595 634 genere
624 583 839 634 proposito,
875 590 974 634 quot
1002 582 1086 622 eius
1114 584 1264 622 formae
1297 582 1386 630 sint,
1417 582 1507 620 sub-

177 647 350 698 iungitur
377 648 568 687 absolute.
627 650 682 687 At
711 662 801 687 cum
831 650 882 688 de
911 647 1154 687 ornamentis
1182 648 1391 687 verborum
1421 660 1506 686 sen-

178 712 437 753 tentiarumve
457 713 704 765 praecipitur,
725 728 827 764 quae
846 721 991 753 vocant
1010 715 1202 766 σχήματα,
1219 727 1301 753 non
1322 714 1366 751 fit
1384 713 1502 752 idem.

179 779 261 818 Res
281 786 340 818 est
360 779 467 818 enim
486 779 675 818 infinitior
689 794 700 828 ς
727 787 770 818 ut
791 793 838 818 ex
856 780 934 818 hoc
954 793 1116 830 quoque
1142 779 1390 829 intellegatur
1409 777 1506 829 quid

121 856 160 879 ιο
177 843 344 883 velimus
363 844 465 884 inter
492 844 743 896 partitionem
770 852 809 884 et
837 844 1073 884 divisionem
1100 844 1299 884 interesse.
1359 844 1506 893 Quam-

177 922 298 960 quam
325 909 431 948 enim
450 910 644 950 vocabula
672 923 796 961 prope
824 909 932 949 idem
951 911 1080 949 valere
1102 909 1348 957 videbantur,
1370 916 1504 948 tamen

177 973 271 1025 quia
289 988 349 1014 res
370 975 615 1024 differebant,
637 975 801 1015 nomina
820 989 949 1015 rerum
970 975 1115 1015 distare
1134 976 1353 1014 voluerunt.

233 1041 362 1079 Multa
400 1040 519 1080 etiam
553 1054 600 1080 ex
638 1041 842 1080 notatione
886 1048 1106 1080 sumuntur.
1166 1041 1225 1079 Ea
1261 1047 1321 1079 est
1357 1046 1503 1087 autem,
1521 1050 1564 1086 35

177 1118 270 1144 cum
308 1119 356 1145 ex
392 1106 430 1144 vi
467 1106 640 1145 nominis
677 1114 952 1157 argumentum
991 1106 1167 1154 elicitur3
1206 1119 1326 1156 quam
1366 1103 1507 1144 Graeci

121 1184 160 1219 15
177 1173 425 1225 ἔτυμολογίαν
442 1173 654 1223 appellant,
676 1171 718 1211 id
744 1179 803 1211 est
821 1172 986 1211 verbum
1006 1185 1054 1210 ex
1078 1171 1200 1210 verbo
1220 1169 1481 1221 veriloquium
1496 1184 1507 1218 ;

177 1249 251 1275 nos
279 1245 414 1276 autem
442 1237 658 1277 novitatem
679 1237 788 1276 verbi
817 1251 898 1276 non
928 1237 1021 1276 satis
1049 1236 1131 1288 apti
1159 1236 1353 1287 fugientes
1382 1247 1506 1286 genus

177 1302 255 1340 hoc
281 1302 527 1342 notationem
556 1304 812 1354 appellamus,
835 1302 928 1353 quia
957 1310 1048 1341 sunt
1071 1302 1191 1341 verba
1218 1314 1348 1340 rerum
1374 1307 1504 1339 notae.

178 1367 319 1418 Itaque
352 1369 430 1407 hoc
467 1367 630 1418 quidem
668 1367 899 1407 Aristoteles
938 1369 1140 1419 σύμβολον
1177 1368 1359 1418 appellat,
1396 1367 1506 1416 quod

178 1432 318 1472 Latine
355 1441 415 1473 est
452 1441 556 1473 nota.
615 1434 694 1473 Sed
733 1447 823 1472 cum
854 1433 1092 1484 intellegitur
1125 1432 1222 1483 quid
1253 1431 1503 1482 significetur,

119 1511 162 1535 πο
179 1497 309 1537 minus
321 1499 583 1538 laborandum
596 1506 656 1538 est
667 1500 718 1538 de
733 1498 906 1538 nomine.
939 1499 1070 1537 Multa
1081 1497 1197 1549 igitur
1208 1497 1248 1536 in
1262 1497 1505 1548 disputando
1522 1497 1566 1540 36

178 1563 383 1603 notatione
398 1564 607 1603 eliciuntur
626 1578 673 1604 ex
687 1565 819 1613 verbo,
837 1572 880 1603 ut
895 1578 986 1603 cum
1003 1564 1202 1615 quaeritur
1217 1562 1505 1615 postliminium

178 1628 276 1680 quid
296 1629 483 1668 sit——non
512 1629 604 1669 dico
633 1643 735 1680 quae
765 1629 842 1668 sint
870 1629 1088 1680 postlimini
1104 1644 1114 1678 ;
1155 1643 1248 1668 nam
1279 1628 1319 1667 id
1347 1629 1506 1668 caderet

178 1693 219 1732 in
247 1693 496 1743 divisionem,
528 1708 630 1746 quae
662 1694 748 1734 talis
782 1702 864 1734 est:
903 1694 1154 1734 Postliminio
1183 1695 1350 1733 redeunt
1382 1695 1506 1732 haec:

178 1759 302 1799 homo
340 1759 451 1799 navis
491 1762 621 1799 mulus
661 1760 884 1799 clitellarius
926 1773 1052 1811 equus
1095 1773 1198 1810 equa
1235 1772 1337 1810 quae
1374 1759 1506 1798 frenos

121 1824 351 1876 25'recipere
389 1826 542 1864 solet—
557 1840 567 1873 ς
604 1826 675 1864 sed
704 1839 795 1864 cum
825 1825 947 1876 ipsius
976 1824 1194 1876 postlimini
1222 1824 1279 1864 vis
1308 1823 1507 1875 quaeritur

178 1897 218 1929 et
237 1891 401 1930 verbum
422 1891 552 1942 ipsum
574 1899 731 1930 notatur
746 1906 756 1940 3
785 1891 824 1929 in
845 1904 926 1942 quo
947 1890 1102 1930 Servius
1122 1897 1266 1938 noster,
1288 1897 1332 1929 ut
1350 1889 1503 1941 opinor,

177 1955 275 1994 nihil
311 1964 424 2007 putat
461 1970 547 1996 esse
586 1958 805 1995 notandum
845 1956 919 1995 nisi
956 1963 1056 2007 post,
1097 1963 1136 1995 et
1172 1955 1368 1994 liminium
1407 1954 1505 1994 illud

177 2021 480 2072 productionem
507 2035 594 2061 esse
619 2021 729 2061 verbi
748 2023 842 2069 vult,
863 2028 907 2060 ut
932 2021 973 2060 in
1003 2020 1171 2060 finitimo
1197 2020 1375 2071 legitimo
1402 2020 1506 2059 aedi-

176 2086 274 2126 timo
303 2100 384 2126 non
414 2088 502 2137 plus
531 2086 660 2126 inesse
689 2086 830 2125 timum
859 2099 979 2137 quam
1008 2085 1049 2124 in
1078 2085 1300 2125 meditullio
1326 2085 1481 2124 tullium
1495 2100 1506 2135 5

118 2165 160 2196 30
177 2153 368 2192 Scaevola
386 2160 519 2191 autem
548 2153 589 2191 P.
614 2153 654 2191 F.
678 2151 857 2191 iunctum
883 2158 996 2202 putat
1022 2164 1109 2190 esse
1127 2151 1304 2199 verbum,
1326 2158 1369 2190 ut
1395 2149 1445 2190 sit
1464 2150 1505 2190 in
1525 2161 1566 2196 37

177 2230 226 2257 eo
255 2225 294 2257 et
322 2225 412 2268 post
445 2224 485 2256 et
515 2216 635 2256 limen
651 2232 662 2265 ;
699 2225 752 2264 ut,
784 2230 886 2267 quae
919 2230 942 2255 a
975 2216 1091 2256 nobis
1120 2216 1300 2264 alienata,
1331 2229 1424 2254 cum
1453 2217 1506 2255 ad

178 2283 334 2322 hostem
360 2282 620 2333 pervenerint,
646 2296 694 2322 ex
722 2295 795 2321 suo
823 2289 1027 2333 tamquam
1050 2280 1186 2321 limine
1215 2280 1389 2329 exierint,
1411 2279 1505 2321 hinc

221 2395 258 2416 11
281 2385 486 2417 videbantur
500 2385 619 2417 Orelli:
643 2385 826 2416 videantur
845 2384 957 2418 coelat:
993 2385 1151 2417 videntur
1165 2385 1323 2417 Boethius
1463 2396 1506 2426 32

176 2428 256 2461 hinc
280 2439 322 2461 ea
340 2429 403 2470 Of:
428 2434 463 2461 et
490 2439 531 2461 ea
555 2429 687 2461 abdeL:
713 2428 738 2471 ΙΙΙ
755 2440 797 2460 ea
821 2429 853 2460 A
