<?xml version="1.0" encoding="UTF-8"?>
<!DOCTYPE html PUBLIC "-//W3C//DTD XHTML 1.0 Transitional//EN"
    "http://www.w3.org/TR/xhtml1/DTD/xhtml1-transitional.dtd">
<html xmlns="http://www.w3.org/1999/xhtml" xml:lang="en" lang="en">
 <head>
  <title>
</title>
<meta http-equiv="Content-Type" content="text/html;charset=utf-8" />
  <meta name='ocr-system' content='tesseract 3.04.00' />
  <meta name='ocr-capabilities' content='ocr_page ocr_carea ocr_par ocr_line ocrx_word'/>
</head>
<body>
  <div class='ocr_page' id='page_1' title='image "./rhetoricarecogno02ciceuoft_0013.png"; bbox 0 0 1630 2730; ppageno 0'>
   <div class='ocr_carea' id='block_1_1' title="bbox 0 0 40 129">
    <p class='ocr_par' dir='ltr' id='par_1_1' title="bbox 0 0 40 129">
     <span class='ocr_line' id='line_1_1' title="bbox 0 0 40 129; baseline 0 2601"><span class='ocrx_word' id='word_1_1' title='bbox 0 0 40 129; x_wconf 95' lang='lat' dir='ltr'> </span> 
     </span>
    </p>
   </div>
   <div class='ocr_carea' id='block_1_2' title="bbox 523 314 1047 371">
    <p class='ocr_par' dir='ltr' id='par_1_2' title="bbox 523 314 1047 371">
     <span class='ocr_line' id='line_1_2' title="bbox 523 314 1047 371; baseline -0.006 0"><span class='ocrx_word' id='word_1_2' title='bbox 523 314 1047 371; x_wconf 87' lang='lat' dir='ltr'><strong>PRAEFATIO</strong></span> 
     </span>
    </p>
   </div>
   <div class='ocr_carea' id='block_1_3' title="bbox 117 450 1450 1158">
    <p class='ocr_par' dir='ltr' id='par_1_3' title="bbox 117 450 1450 1158">
     <span class='ocr_line' id='line_1_3' title="bbox 172 450 1450 501; baseline -0.005 -7"><span class='ocrx_word' id='word_1_3' title='bbox 172 455 405 495; x_wconf 84' lang='lat' dir='ltr'>CICERONIS</span> <span class='ocrx_word' id='word_1_4' title='bbox 446 455 626 492; x_wconf 82' lang='lat' dir='ltr'>BRVTVM</span> <span class='ocrx_word' id='word_1_5' title='bbox 672 466 720 492; x_wconf 87' lang='lat' dir='ltr'>ex</span> <span class='ocrx_word' id='word_1_6' title='bbox 763 452 888 492; x_wconf 90' lang='lat' dir='ltr'>oculis</span> <span class='ocrx_word' id='word_1_7' title='bbox 932 451 1141 491; x_wconf 89' lang='lat' dir='ltr'>hominum</span> <span class='ocrx_word' id='word_1_8' title='bbox 1185 450 1254 490; x_wconf 91' lang='lat' dir='ltr'>diu</span> <span class='ocrx_word' id='word_1_9' title='bbox 1292 463 1450 501; x_wconf 88' lang='lat' dir='ltr'>prorsus</span> 
     </span>
     <span class='ocr_line' id='line_1_4' title="bbox 118 516 1447 560; baseline -0.005 -1"><span class='ocrx_word' id='word_1_10' title='bbox 118 519 324 560; x_wconf 87' lang='lat' dir='ltr'>evanuisse</span> <span class='ocrx_word' id='word_1_11' title='bbox 353 518 445 558; x_wconf 86' lang='lat' dir='ltr'>satis</span> <span class='ocrx_word' id='word_1_12' title='bbox 478 526 620 558; x_wconf 91' lang='lat' dir='ltr'>notum</span> <span class='ocrx_word' id='word_1_13' title='bbox 648 526 719 558; x_wconf 90' lang='lat' dir='ltr'>est.</span> <span class='ocrx_word' id='word_1_14' title='bbox 778 519 884 556; x_wconf 88' lang='lat' dir='ltr'>Nam</span> <span class='ocrx_word' id='word_1_15' title='bbox 918 530 1000 556; x_wconf 90' lang='lat' dir='ltr'>non</span> <span class='ocrx_word' id='word_1_16' title='bbox 1033 516 1109 555; x_wconf 92' lang='lat' dir='ltr'>nisi</span> <span class='ocrx_word' id='word_1_17' title='bbox 1137 528 1174 555; x_wconf 86' lang='lat' dir='ltr'>A.</span> <span class='ocrx_word' id='word_1_18' title='bbox 1197 528 1227 555; x_wconf 92' lang='lat' dir='ltr'>s.</span> <span class='ocrx_word' id='word_1_19' title='bbox 1263 527 1447 554; x_wconf 84' lang='lat' dir='ltr'>MCDxxu</span> 
     </span>
     <span class='ocr_line' id='line_1_5' title="bbox 118 580 1450 635; baseline -0.005 -11"><span class='ocrx_word' id='word_1_20' title='bbox 118 585 256 624; x_wconf 86' lang='lat' dir='ltr'>Laude</span> <span class='ocrx_word' id='word_1_21' title='bbox 280 583 471 635; x_wconf 88' lang='lat' dir='ltr'>Pompeia</span> <span class='ocrx_word' id='word_1_22' title='bbox 489 583 672 623; x_wconf 89' lang='lat' dir='ltr'>inventus</span> <span class='ocrx_word' id='word_1_23' title='bbox 691 591 751 623; x_wconf 88' lang='lat' dir='ltr'>est</span> <span class='ocrx_word' id='word_1_24' title='bbox 772 596 797 621; x_wconf 88' lang='lat' dir='ltr'>a</span> <span class='ocrx_word' id='word_1_25' title='bbox 816 583 994 622; x_wconf 89' lang='lat' dir='ltr'>Gerardo</span> <span class='ocrx_word' id='word_1_26' title='bbox 1014 580 1240 621; x_wconf 89' lang='lat' dir='ltr'>Landriano</span> <span class='ocrx_word' id='word_1_27' title='bbox 1260 580 1450 631; x_wconf 90' lang='lat' dir='ltr'>episcopo</span> 
     </span>
     <span class='ocr_line' id='line_1_6' title="bbox 117 645 1446 699; baseline -0.004 -10"><span class='ocrx_word' id='word_1_28' title='bbox 117 650 244 689; x_wconf 86' lang='lat' dir='ltr'>codex</span> <span class='ocrx_word' id='word_1_29' title='bbox 269 649 334 689; x_wconf 90' lang='lat' dir='ltr'>ille</span> <span class='ocrx_word' id='word_1_30' title='bbox 363 648 595 698; x_wconf 88' lang='lat' dir='ltr'>Laudensis‚</span> <span class='ocrx_word' id='word_1_31' title='bbox 625 648 694 699; x_wconf 91' lang='lat' dir='ltr'>qui</span> <span class='ocrx_word' id='word_1_32' title='bbox 722 662 814 687; x_wconf 90' lang='lat' dir='ltr'>cum</span> <span class='ocrx_word' id='word_1_33' title='bbox 843 647 964 687; x_wconf 89' lang='lat' dir='ltr'>libros</span> <span class='ocrx_word' id='word_1_34' title='bbox 993 649 1044 686; x_wconf 92' lang='lat' dir='ltr'>de</span> <span class='ocrx_word' id='word_1_35' title='bbox 1075 647 1241 686; x_wconf 86' lang='lat' dir='ltr'>Oratore</span> <span class='ocrx_word' id='word_1_36' title='bbox 1260 645 1446 697; x_wconf 88' lang='lat' dir='ltr'>integros,</span> 
     </span>
     <span class='ocr_line' id='line_1_7' title="bbox 117 711 1450 763; baseline -0.004 -9"><span class='ocrx_word' id='word_1_37' title='bbox 117 723 202 754; x_wconf 92' lang='lat' dir='ltr'>tum</span> <span class='ocrx_word' id='word_1_38' title='bbox 221 714 366 753; x_wconf 91' lang='lat' dir='ltr'>librum</span> <span class='ocrx_word' id='word_1_39' title='bbox 386 715 436 754; x_wconf 87' lang='lat' dir='ltr'>de</span> <span class='ocrx_word' id='word_1_40' title='bbox 456 714 568 753; x_wconf 86' lang='lat' dir='ltr'>claris</span> <span class='ocrx_word' id='word_1_41' title='bbox 598 713 818 753; x_wconf 88' lang='lat' dir='ltr'>oratoribus</span> <span class='ocrx_word' id='word_1_42' title='bbox 848 712 917 763; x_wconf 89' lang='lat' dir='ltr'>qui</span> <span class='ocrx_word' id='word_1_43' title='bbox 947 714 1091 751; x_wconf 89' lang='lat' dir='ltr'>Brutus</span> <span class='ocrx_word' id='word_1_44' title='bbox 1111 711 1350 760; x_wconf 86' lang='lat' dir='ltr'>inscribitur,</span> <span class='ocrx_word' id='word_1_45' title='bbox 1369 724 1450 750; x_wconf 84' lang='lat' dir='ltr'>una</span> 
     </span>
     <span class='ocr_line' id='line_1_8' title="bbox 117 777 1446 831; baseline -0.004 -11"><span class='ocrx_word' id='word_1_46' title='bbox 117 794 209 820; x_wconf 91' lang='lat' dir='ltr'>cum</span> <span class='ocrx_word' id='word_1_47' title='bbox 228 780 335 820; x_wconf 92' lang='lat' dir='ltr'>Tulli</span> <span class='ocrx_word' id='word_1_48' title='bbox 356 781 522 820; x_wconf 85' lang='lat' dir='ltr'>Oratore</span> <span class='ocrx_word' id='word_1_49' title='bbox 548 779 617 831; x_wconf 89' lang='lat' dir='ltr'>qui</span> <span class='ocrx_word' id='word_1_50' title='bbox 639 780 691 819; x_wconf 88' lang='lat' dir='ltr'>ad</span> <span class='ocrx_word' id='word_1_51' title='bbox 721 781 888 818; x_wconf 85' lang='lat' dir='ltr'>Brutum</span> <span class='ocrx_word' id='word_1_52' title='bbox 909 778 1077 829; x_wconf 89' lang='lat' dir='ltr'>scriptus</span> <span class='ocrx_word' id='word_1_53' title='bbox 1102 785 1184 817; x_wconf 88' lang='lat' dir='ltr'>erat</span> <span class='ocrx_word' id='word_1_54' title='bbox 1204 777 1446 816; x_wconf 87' lang='lat' dir='ltr'>continebat.</span> 
     </span>
     <span class='ocr_line' id='line_1_9' title="bbox 118 842 1448 897; baseline -0.003 -12"><span class='ocrx_word' id='word_1_55' title='bbox 118 845 337 886; x_wconf 88' lang='lat' dir='ltr'>Laudensis</span> <span class='ocrx_word' id='word_1_56' title='bbox 359 845 523 897; x_wconf 91' lang='lat' dir='ltr'>quidem</span> <span class='ocrx_word' id='word_1_57' title='bbox 546 845 630 896; x_wconf 88' lang='lat' dir='ltr'>ipse</span> <span class='ocrx_word' id='word_1_58' title='bbox 656 844 792 884; x_wconf 89' lang='lat' dir='ltr'>nescio</span> <span class='ocrx_word' id='word_1_59' title='bbox 822 857 903 895; x_wconf 90' lang='lat' dir='ltr'>quo</span> <span class='ocrx_word' id='word_1_60' title='bbox 932 857 1026 883; x_wconf 89' lang='lat' dir='ltr'>casu</span> <span class='ocrx_word' id='word_1_61' title='bbox 1055 856 1148 882; x_wconf 91' lang='lat' dir='ltr'>mox</span> <span class='ocrx_word' id='word_1_62' title='bbox 1176 842 1291 894; x_wconf 88' lang='lat' dir='ltr'>periit</span> <span class='ocrx_word' id='word_1_63' title='bbox 1316 855 1448 892; x_wconf 89' lang='lat' dir='ltr'>neque</span> 
     </span>
     <span class='ocr_line' id='line_1_10' title="bbox 117 908 1448 962; baseline -0.003 -12"><span class='ocrx_word' id='word_1_64' title='bbox 117 911 327 962; x_wconf 90' lang='lat' dir='ltr'>quisquam</span> <span class='ocrx_word' id='word_1_65' title='bbox 358 919 448 962; x_wconf 91' lang='lat' dir='ltr'>post</span> <span class='ocrx_word' id='word_1_66' title='bbox 481 924 632 950; x_wconf 87' lang='lat' dir='ltr'>annum</span> <span class='ocrx_word' id='word_1_67' title='bbox 664 922 894 949; x_wconf 80' lang='lat' dir='ltr'>Mcnxxvm</span> <span class='ocrx_word' id='word_1_68' title='bbox 927 923 1018 949; x_wconf 90' lang='lat' dir='ltr'>eum</span> <span class='ocrx_word' id='word_1_69' title='bbox 1057 908 1182 948; x_wconf 90' lang='lat' dir='ltr'>vidit:</span> <span class='ocrx_word' id='word_1_70' title='bbox 1222 909 1293 947; x_wconf 87' lang='lat' dir='ltr'>sed</span> <span class='ocrx_word' id='word_1_71' title='bbox 1323 921 1371 947; x_wconf 86' lang='lat' dir='ltr'>ex</span> <span class='ocrx_word' id='word_1_72' title='bbox 1399 921 1448 946; x_wconf 94' lang='lat' dir='ltr'>eo</span> 
     </span>
     <span class='ocr_line' id='line_1_11' title="bbox 117 972 1448 1027; baseline -0.003 -12"><span class='ocrx_word' id='word_1_73' title='bbox 117 975 338 1027; x_wconf 84' lang='lat' dir='ltr'>transcripti</span> <span class='ocrx_word' id='word_1_74' title='bbox 355 985 446 1015; x_wconf 90' lang='lat' dir='ltr'>sunt</span> <span class='ocrx_word' id='word_1_75' title='bbox 465 977 608 1027; x_wconf 91' lang='lat' dir='ltr'>plures,</span> <span class='ocrx_word' id='word_1_76' title='bbox 629 989 678 1014; x_wconf 87' lang='lat' dir='ltr'>ex</span> <span class='ocrx_word' id='word_1_77' title='bbox 696 975 843 1025; x_wconf 88' lang='lat' dir='ltr'>quibus</span> <span class='ocrx_word' id='word_1_78' title='bbox 864 973 1038 1013; x_wconf 86' lang='lat' dir='ltr'>manavit</span> <span class='ocrx_word' id='word_1_79' title='bbox 1056 973 1339 1025; x_wconf 82' lang='lat' dir='ltr'>exemplarium</span> <span class='ocrx_word' id='word_1_80' title='bbox 1356 972 1448 1011; x_wconf 87' lang='lat' dir='ltr'>satis</span> 
     </span>
     <span class='ocr_line' id='line_1_12' title="bbox 117 1038 1450 1092; baseline -0.003 -11"><span class='ocrx_word' id='word_1_81' title='bbox 117 1055 260 1092; x_wconf 88' lang='lat' dir='ltr'>magna</span> <span class='ocrx_word' id='word_1_82' title='bbox 296 1041 423 1092; x_wconf 88' lang='lat' dir='ltr'>copia.</span> <span class='ocrx_word' id='word_1_83' title='bbox 496 1042 655 1079; x_wconf 89' lang='lat' dir='ltr'>Horum</span> <span class='ocrx_word' id='word_1_84' title='bbox 693 1053 786 1079; x_wconf 91' lang='lat' dir='ltr'>vero</span> <span class='ocrx_word' id='word_1_85' title='bbox 819 1053 922 1079; x_wconf 92' lang='lat' dir='ltr'>unus</span> <span class='ocrx_word' id='word_1_86' title='bbox 960 1039 1134 1091; x_wconf 89' lang='lat' dir='ltr'>optimus</span> <span class='ocrx_word' id='word_1_87' title='bbox 1171 1052 1258 1078; x_wconf 91' lang='lat' dir='ltr'>esse</span> <span class='ocrx_word' id='word_1_88' title='bbox 1294 1038 1450 1078; x_wconf 88' lang='lat' dir='ltr'>videtur</span> 
     </span>
     <span class='ocr_line' id='line_1_13' title="bbox 117 1112 490 1158; baseline -0.008 -11"><span class='ocrx_word' id='word_1_89' title='bbox 117 1121 236 1158; x_wconf 88' lang='lat' dir='ltr'>quem</span> <span class='ocrx_word' id='word_1_90' title='bbox 255 1112 467 1158; x_wconf 85' lang='lat' dir='ltr'>sequamur</span> <span class='ocrx_word' id='word_1_91' title='bbox 483 1121 490 1144; x_wconf 77' lang='grc' dir='ltr'>ε</span> 
     </span>
    </p>
   </div>
   <div class='ocr_carea' id='block_1_4' title="bbox 163 1193 1449 1356">
    <p class='ocr_par' dir='ltr' id='par_1_4' title="bbox 163 1193 1449 1356">
     <span class='ocr_line' id='line_1_14' title="bbox 163 1193 1449 1239; baseline -0.003 -9"><span class='ocrx_word' id='word_1_92' title='bbox 163 1196 203 1230; x_wconf 90' lang='lat' dir='ltr'><em>F</em></span> <span class='ocrx_word' id='word_1_93' title='bbox 214 1211 249 1224; x_wconf 95' lang='lat'>=</span> <span class='ocrx_word' id='word_1_94' title='bbox 265 1195 346 1230; x_wconf 92' lang='lat' dir='ltr'>cod.</span> <span class='ocrx_word' id='word_1_95' title='bbox 360 1193 598 1230; x_wconf 79' lang='lat' dir='ltr'>Florentinus</span> <span class='ocrx_word' id='word_1_96' title='bbox 611 1193 980 1239; x_wconf 86' lang='lat' dir='ltr'>Magliabecchianus</span> <span class='ocrx_word' id='word_1_97' title='bbox 998 1203 1026 1228; x_wconf 88' lang='lat'>1.</span> <span class='ocrx_word' id='word_1_98' title='bbox 1045 1203 1072 1228; x_wconf 90' lang='lat'>1.</span> <span class='ocrx_word' id='word_1_99' title='bbox 1086 1202 1137 1236; x_wconf 79' lang='lat'>14.</span> <span class='ocrx_word' id='word_1_100' title='bbox 1150 1203 1249 1227; x_wconf 88' lang='lat' dir='ltr'>anno</span> <span class='ocrx_word' id='word_1_101' title='bbox 1265 1200 1449 1227; x_wconf 80' lang='lat' dir='ltr'>MCDXXH</span> 
     </span>
     <span class='ocr_line' id='line_1_15' title="bbox 304 1251 1449 1297; baseline -0.002 -9"><span class='ocrx_word' id='word_1_102' title='bbox 304 1254 364 1288; x_wconf 89' lang='lat' dir='ltr'>vel</span> <span class='ocrx_word' id='word_1_103' title='bbox 406 1260 607 1288; x_wconf 80' lang='lat' dir='ltr'>MCDXXHI</span> <span class='ocrx_word' id='word_1_104' title='bbox 647 1259 831 1297; x_wconf 81' lang='lat' dir='ltr'>exaratus,</span> <span class='ocrx_word' id='word_1_105' title='bbox 865 1259 901 1287; x_wconf 92' lang='lat' dir='ltr'>et</span> <span class='ocrx_word' id='word_1_106' title='bbox 936 1252 1093 1287; x_wconf 86' lang='lat' dir='ltr'>sortasse</span> <span class='ocrx_word' id='word_1_107' title='bbox 1124 1263 1169 1287; x_wconf 89' lang='lat' dir='ltr'>ex</span> <span class='ocrx_word' id='word_1_108' title='bbox 1203 1251 1283 1296; x_wconf 89' lang='lat' dir='ltr'>ipso</span> <span class='ocrx_word' id='word_1_109' title='bbox 1321 1251 1449 1286; x_wconf 90' lang='lat' dir='ltr'>codice</span> 
     </span>
     <span class='ocr_line' id='line_1_16' title="bbox 306 1308 1306 1356; baseline -0.003 -9"><span class='ocrx_word' id='word_1_110' title='bbox 306 1311 491 1347; x_wconf 88' lang='lat' dir='ltr'>Laudensi</span> <span class='ocrx_word' id='word_1_111' title='bbox 508 1311 752 1356; x_wconf 87' lang='lat' dir='ltr'>transcriptus</span> <span class='ocrx_word' id='word_1_112' title='bbox 768 1323 775 1345; x_wconf 94' lang='lat'>:</span> <span class='ocrx_word' id='word_1_113' title='bbox 802 1310 890 1345; x_wconf 89' lang='lat' dir='ltr'>olim</span> <span class='ocrx_word' id='word_1_114' title='bbox 918 1309 1063 1345; x_wconf 86' lang='lat' dir='ltr'>Nicolai</span> <span class='ocrx_word' id='word_1_115' title='bbox 1082 1310 1130 1345; x_wconf 91' lang='lat' dir='ltr'>de</span> <span class='ocrx_word' id='word_1_116' title='bbox 1148 1311 1183 1344; x_wconf 96' lang='lat' dir='ltr'>N</span> <span class='ocrx_word' id='word_1_117' title='bbox 1189 1308 1306 1345; x_wconf 89' lang='lat' dir='ltr'>icolis.</span> 
     </span>
    </p>
   </div>
   <div class='ocr_carea' id='block_1_5' title="bbox 117 1386 868 1439">
    <p class='ocr_par' dir='ltr' id='par_1_5' title="bbox 117 1386 868 1439">
     <span class='ocr_line' id='line_1_17' title="bbox 117 1386 868 1439; baseline -0.004 -12"><span class='ocrx_word' id='word_1_118' title='bbox 117 1389 260 1439; x_wconf 90' lang='lat' dir='ltr'>Neque</span> <span class='ocrx_word' id='word_1_119' title='bbox 285 1400 377 1426; x_wconf 90' lang='lat' dir='ltr'>vero</span> <span class='ocrx_word' id='word_1_120' title='bbox 397 1387 523 1426; x_wconf 90' lang='lat' dir='ltr'>multo</span> <span class='ocrx_word' id='word_1_121' title='bbox 544 1386 756 1426; x_wconf 86' lang='lat' dir='ltr'>deteriores</span> <span class='ocrx_word' id='word_1_122' title='bbox 776 1393 868 1425; x_wconf 91' lang='lat' dir='ltr'>sunt</span> 
     </span>
    </p>
   </div>
   <div class='ocr_carea' id='block_1_6' title="bbox 163 1460 1448 1849">
    <p class='ocr_par' dir='ltr' id='par_1_6' title="bbox 163 1460 1448 1567">
     <span class='ocr_line' id='line_1_18' title="bbox 163 1460 1448 1508; baseline -0.003 -9"><span class='ocrx_word' id='word_1_123' title='bbox 163 1465 200 1499; x_wconf 90' lang='lat' dir='ltr'><em>B</em></span> <span class='ocrx_word' id='word_1_124' title='bbox 217 1479 252 1492; x_wconf 96' lang='lat'>=</span> <span class='ocrx_word' id='word_1_125' title='bbox 271 1463 353 1500; x_wconf 88' lang='lat' dir='ltr'>cod.</span> <span class='ocrx_word' id='word_1_126' title='bbox 366 1463 643 1499; x_wconf 87' lang='lat' dir='ltr'>Ottobonianus</span> <span class='ocrx_word' id='word_1_127' title='bbox 665 1472 765 1508; x_wconf 80' lang='lat'><strong>1592,</strong></span> <span class='ocrx_word' id='word_1_128' title='bbox 780 1475 802 1497; x_wconf 89' lang='lat' dir='ltr'>a</span> <span class='ocrx_word' id='word_1_129' title='bbox 818 1462 947 1497; x_wconf 86' lang='lat' dir='ltr'>Flavio</span> <span class='ocrx_word' id='word_1_130' title='bbox 966 1462 1111 1497; x_wconf 90' lang='lat' dir='ltr'>Blando</span> <span class='ocrx_word' id='word_1_131' title='bbox 1128 1460 1218 1496; x_wconf 88' lang='lat' dir='ltr'>satis</span> <span class='ocrx_word' id='word_1_132' title='bbox 1235 1460 1448 1496; x_wconf 83' lang='lat' dir='ltr'>festinanter</span> 
     </span>
     <span class='ocr_line' id='line_1_19' title="bbox 306 1521 1244 1567; baseline -0.003 -10"><span class='ocrx_word' id='word_1_133' title='bbox 306 1522 510 1567; x_wconf 86' lang='lat' dir='ltr'>exscriptus</span> <span class='ocrx_word' id='word_1_134' title='bbox 527 1534 550 1556; x_wconf 90' lang='lat' dir='ltr'>a</span> <span class='ocrx_word' id='word_1_135' title='bbox 566 1521 675 1557; x_wconf 92' lang='lat' dir='ltr'>nonis</span> <span class='ocrx_word' id='word_1_136' title='bbox 692 1522 741 1556; x_wconf 92' lang='lat' dir='ltr'>ad</span> <span class='ocrx_word' id='word_1_137' title='bbox 758 1521 841 1556; x_wconf 86' lang='lat' dir='ltr'>idus</span> <span class='ocrx_word' id='word_1_138' title='bbox 859 1521 1043 1556; x_wconf 89' lang='lat' dir='ltr'>Octobres</span> <span class='ocrx_word' id='word_1_139' title='bbox 1060 1528 1244 1556; x_wconf 82' lang='lat' dir='ltr'>MCDXXII</span> 
     </span>
    </p>

    <p class='ocr_par' dir='ltr' id='par_1_7' title="bbox 167 1578 1447 1675">
     <span class='ocr_line' id='line_1_20' title="bbox 167 1578 1447 1626; baseline -0.003 -9"><span class='ocrx_word' id='word_1_140' title='bbox 167 1581 199 1617; x_wconf 89' lang='lat'><em>0</em></span> <span class='ocrx_word' id='word_1_141' title='bbox 218 1597 252 1610; x_wconf 95' lang='lat'><strong><em>=</em></strong></span> <span class='ocrx_word' id='word_1_142' title='bbox 269 1581 351 1617; x_wconf 92' lang='lat' dir='ltr'>cod.</span> <span class='ocrx_word' id='word_1_143' title='bbox 366 1580 642 1616; x_wconf 76' lang='lat' dir='ltr'>ottobonianus</span> <span class='ocrx_word' id='word_1_144' title='bbox 659 1589 763 1626; x_wconf 86' lang='lat'>2057,</span> <span class='ocrx_word' id='word_1_145' title='bbox 775 1591 819 1615; x_wconf 87' lang='lat' dir='ltr'>ex</span> <span class='ocrx_word' id='word_1_146' title='bbox 835 1581 1037 1625; x_wconf 85' lang='lat' dir='ltr'>archetypo</span> <span class='ocrx_word' id='word_1_147' title='bbox 1058 1578 1244 1614; x_wconf 88' lang='lat' dir='ltr'>Laudensi</span> <span class='ocrx_word' id='word_1_148' title='bbox 1262 1585 1447 1614; x_wconf 79' lang='lat' dir='ltr'>correctus</span> 
     </span>
     <span class='ocr_line' id='line_1_21' title="bbox 305 1647 482 1675; baseline -0.011 0"><span class='ocrx_word' id='word_1_149' title='bbox 305 1647 482 1675; x_wconf 88' lang='lat' dir='ltr'>McDxxv</span> 
     </span>
    </p>

    <p class='ocr_par' dir='ltr' id='par_1_8' title="bbox 167 1695 821 1742">
     <span class='ocr_line' id='line_1_22' title="bbox 167 1695 821 1742; baseline -0.003 -10"><span class='ocrx_word' id='word_1_150' title='bbox 167 1698 201 1732; x_wconf 90' lang='lat' dir='ltr'><em>G</em></span> <span class='ocrx_word' id='word_1_151' title='bbox 215 1713 251 1726; x_wconf 97' lang='lat'><strong><em>=</em></strong></span> <span class='ocrx_word' id='word_1_152' title='bbox 270 1697 353 1732; x_wconf 90' lang='lat' dir='ltr'>cod.</span> <span class='ocrx_word' id='word_1_153' title='bbox 373 1695 644 1742; x_wconf 87' lang='lat' dir='ltr'>Neapolitanus</span> <span class='ocrx_word' id='word_1_154' title='bbox 663 1696 710 1731; x_wconf 90' lang='lat' dir='ltr'>iv.</span> <span class='ocrx_word' id='word_1_155' title='bbox 729 1697 758 1730; x_wconf 89' lang='lat' dir='ltr'>B</span> <span class='ocrx_word' id='word_1_156' title='bbox 776 1706 821 1740; x_wconf 87' lang='lat'>43</span> 
     </span>
    </p>

    <p class='ocr_par' dir='ltr' id='par_1_9' title="bbox 164 1754 836 1800">
     <span class='ocr_line' id='line_1_23' title="bbox 164 1754 836 1800; baseline -0.001 -9"><span class='ocrx_word' id='word_1_157' title='bbox 164 1757 257 1791; x_wconf 90' lang='lat' dir='ltr'>H=</span> <span class='ocrx_word' id='word_1_158' title='bbox 276 1756 358 1791; x_wconf 92' lang='lat' dir='ltr'>cod.</span> <span class='ocrx_word' id='word_1_159' title='bbox 378 1754 650 1800; x_wconf 90' lang='lat' dir='ltr'>Neapolitanus</span> <span class='ocrx_word' id='word_1_160' title='bbox 667 1754 713 1789; x_wconf 92' lang='lat' dir='ltr'>iv.</span> <span class='ocrx_word' id='word_1_161' title='bbox 734 1756 763 1789; x_wconf 92' lang='lat' dir='ltr'><strong>B</strong></span> <span class='ocrx_word' id='word_1_162' title='bbox 790 1755 836 1799; x_wconf 91' lang='lat'>36</span> 
     </span>
    </p>

    <p class='ocr_par' dir='ltr' id='par_1_10' title="bbox 163 1812 766 1849">
     <span class='ocr_line' id='line_1_24' title="bbox 163 1812 766 1849; baseline -0.003 0"><span class='ocrx_word' id='word_1_163' title='bbox 163 1815 215 1849; x_wconf 82' lang='grc' dir='ltr'><em>Μ</em></span> <span class='ocrx_word' id='word_1_164' title='bbox 228 1830 263 1842; x_wconf 95' lang='lat'><strong><em>=</em></strong></span> <span class='ocrx_word' id='word_1_165' title='bbox 279 1814 362 1849; x_wconf 86' lang='lat' dir='ltr'>cod.</span> <span class='ocrx_word' id='word_1_166' title='bbox 382 1812 606 1848; x_wconf 88' lang='lat' dir='ltr'>Mutinensis</span> <span class='ocrx_word' id='word_1_167' title='bbox 623 1812 669 1847; x_wconf 88' lang='lat' dir='ltr'>vi.</span> <span class='ocrx_word' id='word_1_168' title='bbox 690 1814 724 1847; x_wconf 95' lang='lat' dir='ltr'>D</span> <span class='ocrx_word' id='word_1_169' title='bbox 743 1813 766 1848; x_wconf 94' lang='lat'><strong>6</strong></span> 
     </span>
    </p>
   </div>
   <div class='ocr_carea' id='block_1_7' title="bbox 116 1893 1448 2142">
    <p class='ocr_par' dir='ltr' id='par_1_11' title="bbox 116 1893 1448 2142">
     <span class='ocr_line' id='line_1_25' title="bbox 172 1893 1448 1944; baseline -0.002 -10"><span class='ocrx_word' id='word_1_170' title='bbox 172 1897 232 1934; x_wconf 90' lang='lat' dir='ltr'>Ex</span> <span class='ocrx_word' id='word_1_171' title='bbox 259 1894 321 1933; x_wconf 92' lang='lat' dir='ltr'>his</span> <span class='ocrx_word' id='word_1_172' title='bbox 355 1895 474 1934; x_wconf 84' lang='lat' dir='ltr'>FOG</span> <span class='ocrx_word' id='word_1_173' title='bbox 515 1893 639 1944; x_wconf 86' lang='lat' dir='ltr'>magis</span> <span class='ocrx_word' id='word_1_174' title='bbox 676 1894 777 1933; x_wconf 88' lang='lat' dir='ltr'>inter</span> <span class='ocrx_word' id='word_1_175' title='bbox 813 1907 855 1933; x_wconf 91' lang='lat' dir='ltr'>se</span> <span class='ocrx_word' id='word_1_176' title='bbox 892 1895 1028 1933; x_wconf 88' lang='lat' dir='ltr'>affines</span> <span class='ocrx_word' id='word_1_177' title='bbox 1066 1907 1152 1934; x_wconf 90' lang='lat' dir='ltr'>esse</span> <span class='ocrx_word' id='word_1_178' title='bbox 1182 1893 1379 1942; x_wconf 88' lang='lat' dir='ltr'>videntur,</span> <span class='ocrx_word' id='word_1_179' title='bbox 1409 1901 1448 1932; x_wconf 91' lang='lat' dir='ltr'>et</span> 
     </span>
     <span class='ocr_line' id='line_1_26' title="bbox 117 1959 1447 2011; baseline -0.002 -11"><span class='ocrx_word' id='word_1_180' title='bbox 117 1961 265 2000; x_wconf 87' lang='lat' dir='ltr'>BHM</span> <span class='ocrx_word' id='word_1_181' title='bbox 284 1959 522 2011; x_wconf 81' lang='lat' dir='ltr'>cognatione</span> <span class='ocrx_word' id='word_1_182' title='bbox 541 1961 714 2010; x_wconf 84' lang='lat' dir='ltr'>quadam</span> <span class='ocrx_word' id='word_1_183' title='bbox 733 1959 876 1999; x_wconf 85' lang='lat' dir='ltr'>artiore</span> <span class='ocrx_word' id='word_1_184' title='bbox 895 1973 981 1999; x_wconf 88' lang='lat' dir='ltr'>esse</span> <span class='ocrx_word' id='word_1_185' title='bbox 1000 1959 1204 1999; x_wconf 89' lang='lat' dir='ltr'>coniuncti</span> <span class='ocrx_word' id='word_1_186' title='bbox 1223 1974 1230 1998; x_wconf 91' lang='lat'>:</span> <span class='ocrx_word' id='word_1_187' title='bbox 1258 1959 1334 1998; x_wconf 87' lang='lat' dir='ltr'>illis</span> <span class='ocrx_word' id='word_1_188' title='bbox 1354 1971 1447 1998; x_wconf 89' lang='lat' dir='ltr'>vero</span> 
     </span>
     <span class='ocr_line' id='line_1_27' title="bbox 116 2025 1447 2078; baseline -0.002 -12"><span class='ocrx_word' id='word_1_189' title='bbox 116 2026 248 2078; x_wconf 90' lang='lat' dir='ltr'>potius</span> <span class='ocrx_word' id='word_1_190' title='bbox 268 2027 367 2064; x_wconf 82' lang='lat' dir='ltr'>fides</span> <span class='ocrx_word' id='word_1_191' title='bbox 387 2032 447 2064; x_wconf 91' lang='lat' dir='ltr'>est</span> <span class='ocrx_word' id='word_1_192' title='bbox 474 2025 683 2064; x_wconf 85' lang='lat' dir='ltr'>habenda:</span> <span class='ocrx_word' id='word_1_193' title='bbox 713 2039 844 2076; x_wconf 89' lang='lat' dir='ltr'>neque</span> <span class='ocrx_word' id='word_1_194' title='bbox 872 2025 981 2076; x_wconf 89' lang='lat' dir='ltr'>parvi</span> <span class='ocrx_word' id='word_1_195' title='bbox 1008 2025 1213 2064; x_wconf 86' lang='lat' dir='ltr'>faciendae</span> <span class='ocrx_word' id='word_1_196' title='bbox 1242 2032 1333 2064; x_wconf 89' lang='lat' dir='ltr'>sunt</span> <span class='ocrx_word' id='word_1_197' title='bbox 1366 2037 1447 2063; x_wconf 91' lang='lat' dir='ltr'>cor-</span> 
     </span>
     <span class='ocr_line' id='line_1_28' title="bbox 117 2090 672 2142; baseline -0.005 -10"><span class='ocrx_word' id='word_1_198' title='bbox 117 2091 311 2132; x_wconf 88' lang='lat' dir='ltr'>rectiones</span> <span class='ocrx_word' id='word_1_199' title='bbox 330 2090 371 2129; x_wconf 89' lang='lat' dir='ltr'>in</span> <span class='ocrx_word' id='word_1_200' title='bbox 396 2092 431 2130; x_wconf 89' lang='lat'><em>0</em></span> <span class='ocrx_word' id='word_1_201' title='bbox 449 2090 520 2142; x_wconf 82' lang='lat'>(0²</span> <span class='ocrx_word' id='word_1_202' title='bbox 538 2090 672 2142; x_wconf 83' lang='lat' dir='ltr'>vetus).</span> 
     </span>
    </p>
   </div>
   <div class='ocr_carea' id='block_1_8' title="bbox 305 2178 1067 2214">
    <p class='ocr_par' dir='ltr' id='par_1_12' title="bbox 305 2178 1067 2214">
     <span class='ocr_line' id='line_1_29' title="bbox 305 2178 1067 2214; baseline 0 -1"><span class='ocrx_word' id='word_1_203' title='bbox 305 2180 339 2214; x_wconf 92' lang='lat' dir='ltr'><em>L</em></span> <span class='ocrx_word' id='word_1_204' title='bbox 358 2194 393 2207; x_wconf 90' lang='lat'>=</span> <span class='ocrx_word' id='word_1_205' title='bbox 409 2190 614 2214; x_wconf 89' lang='lat' dir='ltr'>consensus</span> <span class='ocrx_word' id='word_1_206' title='bbox 632 2178 802 2213; x_wconf 89' lang='lat' dir='ltr'>codicum</span> <span class='ocrx_word' id='word_1_207' title='bbox 821 2179 1067 2214; x_wconf 80' lang='lat' dir='ltr'><em>FBOGHM.</em></span> 
     </span>
    </p>
   </div>
   <div class='ocr_carea' id='block_1_9' title="bbox 117 2253 1448 2436">
    <p class='ocr_par' dir='ltr' id='par_1_13' title="bbox 117 2253 1448 2436">
     <span class='ocr_line' id='line_1_30' title="bbox 172 2253 1448 2306; baseline -0.002 -12"><span class='ocrx_word' id='word_1_208' title='bbox 172 2257 235 2294; x_wconf 93' lang='lat' dir='ltr'>De</span> <span class='ocrx_word' id='word_1_209' title='bbox 260 2254 400 2294; x_wconf 88' lang='lat' dir='ltr'>codice</span> <span class='ocrx_word' id='word_1_210' title='bbox 419 2254 499 2306; x_wconf 87' lang='lat' dir='ltr'>(D)</span> <span class='ocrx_word' id='word_1_211' title='bbox 520 2253 698 2293; x_wconf 90' lang='lat' dir='ltr'>Parisino</span> <span class='ocrx_word' id='word_1_212' title='bbox 716 2266 829 2303; x_wconf 87' lang='lat'>7704,</span> <span class='ocrx_word' id='word_1_213' title='bbox 847 2267 966 2305; x_wconf 91' lang='lat' dir='ltr'>quem</span> <span class='ocrx_word' id='word_1_214' title='bbox 987 2254 1247 2293; x_wconf 84' lang='lat' dir='ltr'>laudaverunt</span> <span class='ocrx_word' id='word_1_215' title='bbox 1266 2253 1390 2293; x_wconf 89' lang='lat' dir='ltr'>Orelli</span> <span class='ocrx_word' id='word_1_216' title='bbox 1409 2261 1448 2293; x_wconf 89' lang='lat' dir='ltr'>et</span> 
     </span>
     <span class='ocr_line' id='line_1_31' title="bbox 119 2318 1446 2369; baseline -0.002 -9"><span class='ocrx_word' id='word_1_217' title='bbox 119 2321 295 2369; x_wconf 88' lang='lat' dir='ltr'>Ellendt,</span> <span class='ocrx_word' id='word_1_218' title='bbox 322 2333 404 2359; x_wconf 90' lang='lat' dir='ltr'>non</span> <span class='ocrx_word' id='word_1_219' title='bbox 429 2319 522 2359; x_wconf 87' lang='lat' dir='ltr'>satis</span> <span class='ocrx_word' id='word_1_220' title='bbox 551 2326 707 2358; x_wconf 88' lang='lat' dir='ltr'>constat</span> <span class='ocrx_word' id='word_1_221' title='bbox 733 2320 840 2358; x_wconf 90' lang='lat' dir='ltr'>unde</span> <span class='ocrx_word' id='word_1_222' title='bbox 869 2320 1013 2358; x_wconf 88' lang='lat' dir='ltr'>ductus</span> <span class='ocrx_word' id='word_1_223' title='bbox 1039 2318 1098 2358; x_wconf 88' lang='lat' dir='ltr'>sit.</span> <span class='ocrx_word' id='word_1_224' title='bbox 1157 2319 1236 2358; x_wconf 91' lang='lat' dir='ltr'>Sed</span> <span class='ocrx_word' id='word_1_225' title='bbox 1256 2319 1446 2358; x_wconf 87' lang='lat' dir='ltr'>lectiones</span> 
     </span>
     <span class='ocr_line' id='line_1_32' title="bbox 117 2383 1448 2436; baseline -0.002 -11"><span class='ocrx_word' id='word_1_226' title='bbox 117 2386 182 2426; x_wconf 92' lang='lat' dir='ltr'>hic</span> <span class='ocrx_word' id='word_1_227' title='bbox 200 2385 279 2424; x_wconf 92' lang='lat' dir='ltr'>illie</span> <span class='ocrx_word' id='word_1_228' title='bbox 299 2399 381 2425; x_wconf 91' lang='lat' dir='ltr'>non</span> <span class='ocrx_word' id='word_1_229' title='bbox 400 2386 642 2436; x_wconf 88' lang='lat' dir='ltr'>spernendas</span> <span class='ocrx_word' id='word_1_230' title='bbox 670 2385 844 2436; x_wconf 88' lang='lat' dir='ltr'>praebet.</span> <span class='ocrx_word' id='word_1_231' title='bbox 899 2386 1099 2424; x_wconf 88' lang='lat' dir='ltr'>Venetum</span> <span class='ocrx_word' id='word_1_232' title='bbox 1118 2383 1289 2436; x_wconf 88' lang='lat' dir='ltr'>priorem</span> <span class='ocrx_word' id='word_1_233' title='bbox 1309 2391 1448 2435; x_wconf 90' lang='lat' dir='ltr'>utpote</span> 
     </span>
    </p>
   </div>
  </div>
 </body>
</html>
