1696 2730
682 152 901 192 BRVTVS
1402 153 1456 201 76

125 272 165 305 et
184 273 338 305 tantum
358 264 455 316 quid
475 263 643 316 quisque
669 261 842 304 dicendo
867 262 1051 315 potuerit,
1073 263 1262 315 quoniam
1282 263 1324 303 id
1344 277 1461 315 quae-

125 330 258 379 rimus,
279 330 564 403 praedicemus.

179 397 280 436 Sunt
295 395 414 435 etiam
429 409 476 435 ex
491 395 557 443 eis,
573 394 642 446 qui
661 396 805 434 eodem
825 395 931 434 bello
946 394 1189 443 oeciderunt,
1206 396 1263 433 M.
1281 394 1457 442 Bibulus,

125 461 194 512 qui
214 468 253 500 et
273 460 503 512 scriptitavit
520 467 714 508 accurate,
732 474 824 499 cum
843 460 1073 511 praesertim
1093 473 1175 499 non
1195 467 1298 499 esset
1317 467 1459 507 orator,

88 542 106 573 5
125 535 165 566 et
191 526 269 578 egit
294 528 419 565 multa
441 533 691 574 constanter3
720 525 874 576 Appius
896 525 1087 567 Claudius
1111 539 1223 565 socer
1246 533 1347 573 tuus,
1370 539 1462 565 eon-

125 594 212 643 lega
231 599 270 631 et
289 590 488 630 familiaris
515 604 651 630 meus:
689 590 754 630 hic
779 591 859 630 iam
885 598 924 630 et
950 591 1042 630 satis
1066 590 1267 631 studiosus
1287 598 1327 630 et
1345 592 1461 630 valde

126 671 219 697 cum
241 658 384 697 doctus
409 664 494 695 tum
517 656 637 696 etiarn
663 655 895 696 exercitatus
925 663 1056 696 orator
1084 663 1124 696 et
1151 670 1242 695 cum
1265 656 1461 707 auguralis

126 731 212 762 tum
231 722 361 762 omnis
380 721 531 773 publici
549 721 642 761 iuris
662 721 987 773 antiquitatisque
1005 729 1163 761 nostrae
1187 722 1290 761 bene
1313 722 1461 773 peritus

126 788 210 828 fuit.
268 789 312 827 L.
338 787 537 827 Domitius
558 788 667 826 nulla
685 786 749 826 ille
769 786 933 838 quidem
957 794 1051 836 arte,
1073 788 1144 827 sed
1165 787 1306 826 Latine
1327 795 1461 827 tamen

70 868 110 892 10
127 861 166 893 et
197 854 321 892 multa
352 866 444 892 cum
477 852 656 892 libertate
694 852 862 892 dicebat.
934 854 1028 892 Duo
1065 859 1266 904 praeterea
1302 852 1461 891 Lentuli

127 920 364 966 consulares,
387 931 556 968 quorum
576 917 740 956 Publius
764 917 829 956 ille
855 924 1076 957 nostrarum
1096 917 1325 957 iniuriarum
1345 919 1458 965 ultor,

126 991 264 1023 auctor
291 982 438 1031 salutis,
463 982 654 1033 quicquid
683 982 832 1031 habuit,
858 990 1226 1034 quantumcumque
1254 982 1337 1031 fuit,
1363 983 1462 1022 illud

127 1056 256 1088 totum
287 1048 426 1087 habuit
456 1062 478 1088 e
511 1048 720 1099 disciplina
735 1062 746 1097 3
785 1047 1046 1087 instrumenta
1076 1056 1238 1088 naturae
1271 1050 1461 1096 deerant3

128 1115 199 1153 sed
235 1121 368 1152 tantus
408 1112 530 1152 animi
577 1114 765 1164 splendor
808 1121 847 1154 et
885 1121 994 1153 tanta
1034 1113 1267 1165 magnitudo
1305 1121 1348 1153 ut
1386 1113 1462 1153 sibi

73 1193 110 1226 15
129 1178 272 1226 omnia,
304 1192 406 1229 quae
434 1180 628 1218 clarorum
654 1178 826 1219 virorum
855 1186 997 1227 essent,
1030 1192 1113 1218 non
1141 1179 1339 1219 dubitaret
1366 1179 1463 1218 asci-

129 1257 236 1284 scere
264 1258 390 1295 eaque
419 1243 529 1283 omni
552 1244 743 1295 dignitate
769 1244 976 1284 obtineret.
1035 1245 1079 1283 L.
1110 1251 1244 1284 autem
1269 1246 1463 1283 Lentulus

129 1309 222 1348 satis
250 1317 332 1349 erat
360 1309 469 1348 fortis
498 1317 639 1358 orator,
667 1309 700 1348 si
728 1311 850 1349 modo
881 1317 1020 1357 orator,
1052 1310 1123 1349 sed
1151 1309 1352 1360 cogitandi
1381 1323 1463 1349 non

129 1376 279 1415 ferebat
307 1375 483 1415 laborem
497 1390 508 1424 3
542 1389 621 1415 vox
653 1389 808 1422 canoraq
838 1375 959 1414 verba
986 1388 1068 1414 non
1097 1374 1256 1415 horrida
1284 1388 1388 1422 sane,
1421 1382 1464 1414 ut

129 1442 247 1491 plena
276 1448 378 1480 esset
406 1440 529 1479 animi
557 1448 596 1480 et
625 1440 778 1480 terroris
807 1440 960 1489 orati03
1003 1453 1210 1491 quaereres
1238 1440 1279 1479 in
1308 1440 1463 1480 iudiciis

71 1521 112 1544 πο
130 1507 294 1545 sortasse
314 1506 464 1555 melius,
486 1506 527 1544 in
551 1519 591 1545 re
614 1506 775 1558 publica
794 1507 904 1558 quod
927 1512 1010 1545 erat
1032 1519 1119 1545 esse
1144 1505 1337 1545 iudicares
1358 1506 1461 1546 satis.

131 1573 195 1610 Ne
214 1572 260 1610 T.
284 1571 447 1622 quidem
468 1571 695 1610 Postumius
721 1571 1039 1611 contemnendus
1058 1570 1098 1610 in
1119 1570 1292 1611 dicendo
1309 1585 1320 1620 ς
1352 1573 1403 1611 de
1422 1585 1463 1610 re

130 1636 290 1687 publica
303 1650 396 1675 vero
415 1650 498 1675 non
518 1636 648 1675 minus
667 1637 883 1676 vehemens
902 1643 1033 1676 orator
1052 1649 1172 1687 quam
1191 1636 1359 1675 bellator
1377 1637 1460 1685 fuit,

131 1702 340 1741 effrenatus
366 1710 405 1741 et
430 1716 520 1742 acer
548 1702 677 1750 nimis,
699 1703 770 1742 sed
798 1703 901 1742 bene
929 1700 1023 1740 iuris
1048 1700 1198 1753 publici
1220 1702 1325 1752 leges
1345 1710 1464 1753 atque

131 1766 310 1806 instituta
329 1775 576 1818 cognoverat.

74 1846 113 1878 ²5
188 1833 282 1871 Hoc
305 1833 395 1872 loco
415 1832 570 1872 Atticus
589 1847 597 1871 :
636 1834 820 1871 Putarem
850 1839 901 1880 te,
920 1831 1059 1882 inquit,
1079 1831 1336 1871 ambitiosum
1365 1845 1461 1880 esse,

131 1897 173 1944 si,
192 1905 234 1936 ut
253 1898 396 1946 dixisti,
413 1898 450 1938 ei
469 1912 570 1949 quos
589 1898 667 1937 iam
688 1898 756 1937 diu
776 1897 940 1948 conligis
959 1897 1144 1936 viverent.
1194 1897 1337 1937 Omnis
1357 1897 1464 1937 enim

131 1975 431 2011 commemoras,
453 1963 522 2014 qui
540 1963 625 2002 ausi
644 1963 860 2014 aliquando
883 1970 975 2002 sunt
994 1969 1142 2001 stantes
1162 1962 1282 2013 loqui,
1304 1969 1347 2001 ut
1366 1961 1465 2001 mihi

1479 156 1542 191 266

1478 370 1527 409 77

1482 422 1543 463 267

1483 861 1544 893 268

1483 1584 1548 1628 269

131 2028 361 2079 imprudens
383 2030 439 2067 M.
463 2029 670 2068 Servilium
690 2027 921 2079 praeterisse
940 2027 1107 2067 videare.
1158 2029 1263 2075 Non,
1286 2028 1460 2078 inquam,
1482 2021 1533 2069 78

131 2106 206 2144 ego
233 2093 334 2133 istuc
362 2094 511 2144 ignoro,
535 2093 744 2144 Pomponi,
765 2093 911 2132 multos
936 2092 1056 2132 fuisse
1076 2092 1144 2143 qui
1162 2093 1327 2132 verbum
1353 2106 1465 2132 num-

71 2174 114 2206 30
132 2172 252 2210 quam
284 2159 324 2197 in
355 2159 518 2210 publico
549 2158 743 2205 fecissent,
777 2171 868 2197 cum
900 2157 1041 2197 melius
1073 2157 1278 2208 aliquanto
1301 2166 1465 2209 possent

132 2237 252 2275 quam
286 2223 349 2263 isti
378 2231 550 2264 oratores
584 2237 684 2275 quos
717 2223 875 2275 conligo
905 2222 1036 2263 dicere
1050 2237 1061 2272 3
1100 2223 1171 2262 sed
1202 2222 1262 2262 his
1293 2236 1466 2262 comme-

175 2337 196 2366 3
219 2331 299 2358 sunt
315 2328 406 2358 enim
425 2327 555 2368 Kayser
709 2327 748 2358 18
772 2330 808 2358 ut
826 2325 854 2356 L
870 2337 878 2357 :
901 2330 936 2357 at
956 2325 1109 2357 Weidner
1228 2337 1268 2368 19
1292 2327 1394 2368 plena
1410 2326 1439 2357 L
1457 2339 1464 2358 :

133 2372 236 2411 plane
255 2370 330 2402 0¹:
354 2372 454 2411 plene
480 2370 509 2402 G
597 2376 689 2403 esset
715 2370 784 2402 secl.
814 2369 959 2401 Schdtz:
987 2375 1023 2402 et
1053 2370 1206 2402 Weidner
1321 2371 1464 2403 fervoris

132 2414 307 2456 Purgold·
329 2414 480 2446 horroris
498 2414 527 2447 C
655 2424 696 2454 23
721 2414 906 2445 acerrimus
921 2413 955 2445 F

1484 2089 1548 2123 270
