1696 2730
733 149 944 190 TOPICA
1084 187 1086 189 .
1459 159 1504 198 14
1521 157 1563 200 5⁶

167 261 320 302 toribus
336 262 529 313 ἐνθύμημα
547 261 700 302 dicitur.
746 261 907 313 Reliqui
921 261 1217 302 dialecticorum
1240 261 1350 301 modi
1369 263 1500 313 plures

170 335 273 376 sunt,
301 327 369 378 qui
395 341 442 367 ex
467 327 799 367 disiunctionibus
825 335 1032 367 constant:
1071 329 1153 366 Aut
1181 328 1259 367 hoc
1284 334 1352 366 aut
1378 327 1500 375 illud,-

169 393 247 432 hoc
265 399 398 431 autem
413 407 424 441 ς
451 406 534 431 non
553 392 669 444 igitur
687 392 795 432 illud.
855 395 1039 443 Itemque
1055 407 1062 430 ε
1091 394 1174 431 Aut
1193 393 1270 432 hoc
1289 399 1358 431 aut
1376 391 1474 431 illud
1490 407 1500 440 3

168 470 251 497 non
279 464 411 497 autem
446 459 523 496 hoc
537 472 549 506 5
585 458 683 496 illud
716 457 841 509 igitur.
902 459 1016 507 Quae
1045 457 1322 497 conclusiones
1350 457 1499 497 idcirco

129 533 147 564 5
168 529 274 562 ratae
299 530 391 562 sunt
419 524 528 574 quod
555 522 596 561 in
622 523 888 562 disiunctione
916 525 1005 574 plus
1035 536 1116 562 uno
1142 537 1277 562 verum
1304 537 1391 563 esse
1416 537 1498 563 non

167 595 307 639 potest.
353 590 486 639 Atque
501 602 549 627 ex
567 588 623 628 eis
639 588 963 627 conclusionibus
984 602 1081 639 quas
1101 601 1219 639 supra
1238 588 1375 640 scripsi
1394 588 1499 639 prior
1520 603 1559 636 57

166 661 327 704 quartus
360 653 553 704 posterior
590 654 751 704 quintus
784 668 808 693 a
841 653 1056 693 dialecticis
1091 655 1234 693 modus
1266 656 1495 705 appellatur.

169 717 326 758 Deinde
345 720 500 758 addunt
525 719 853 758 coniunctionum
874 719 1099 770 negantiam
1129 719 1208 758 sic:
1247 721 1342 759 Non
1363 726 1402 759 et
1421 720 1499 758 hoc

167 790 206 822 et
238 783 361 832 illud;
403 785 480 822 hoc
513 792 646 823 autem
662 799 672 833 ;
713 798 796 823 non
829 783 945 835 igitur
978 783 1087 823 illud.
1146 783 1229 823 Hic
1262 785 1406 823 modus
1440 792 1499 823 est

109 864 149 888 10
166 857 309 888 sextus.
368 849 567 901 Septimus
586 858 720 889 autem
739 865 746 889 :
776 851 872 889 Non
892 857 930 889 et
955 851 1032 888 hoc
1052 857 1091 888 et
1110 849 1208 889 illud
1224 864 1234 898 3
1262 863 1344 888 non
1363 858 1497 889 autem

164 915 242 954 hoc
257 930 268 964 3
295 915 393 954 illud
412 915 537 966 igitur.
589 917 648 954 Ex
668 915 723 955 eis
744 915 873 955 modis
893 914 1169 954 conclusiones
1190 914 1498 954 innumerabiles

165 988 390 1029 nascuntur,
426 981 466 1019 in
502 994 583 1032 quo
616 989 675 1020 est
713 989 796 1020 tota
833 983 913 1020 fere
946 982 1167 1032 διαλεκτική.
1227 982 1306 1020 Sed
1339 994 1389 1020 ne
1423 981 1498 1020 hae

164 1045 327 1097 quidem
347 1060 445 1097 quas
465 1047 629 1098 exposui
648 1048 700 1086 ad
720 1048 824 1086 hanc
843 1047 1132 1086 institutionem
1153 1046 1408 1086 necessariae.

218 1111 424 1151 Proximus
468 1119 527 1151 est
571 1114 682 1152 locus
726 1126 855 1152 rerum
901 1112 1167 1160 efficientium,
1208 1125 1311 1163 quae
1354 1125 1497 1151 causae
1517 1115 1557 1152 58

107 1187 144 1221 15
163 1178 412 1228 appellantur
426 1192 437 1226 3
489 1177 636 1217 deinde
682 1192 812 1217 rerum
860 1179 1088 1217 effectarum
1135 1178 1188 1216 ab
1234 1177 1495 1216 efficientibus

164 1242 302 1281 causis.
362 1244 516 1281 Harum
557 1245 748 1294 exempla,
785 1251 827 1282 ut
865 1243 1105 1294 reliquorum
1144 1244 1334 1290 locorum,
1375 1243 1496 1293 paulo

161 1315 254 1346 ante
279 1307 395 1358 posui
421 1307 608 1358 equidem
636 1323 683 1348 ex
708 1308 791 1348 iure
817 1308 946 1357 civili,-
979 1310 1050 1348 sed
1078 1309 1178 1347 haec
1203 1315 1341 1358 patent
1366 1307 1492 1346 latius.

163 1372 381 1412 Causarum
410 1371 549 1427 [enim]
576 1387 720 1424 genera
745 1374 827 1413 duo
856 1381 947 1412 sunt
961 1388 972 1422 3
1004 1387 1141 1421 unum,
1163 1374 1273 1423 quod
1293 1371 1331 1411 vi
1357 1386 1428 1411 sua
1453 1372 1494 1412 id
1513 1384 1556 1423 15

163 1439 273 1488 quod
306 1438 381 1477 sub
414 1452 502 1478 eam
530 1438 609 1478 vim
644 1439 867 1478 subiectum
897 1447 956 1478 est
984 1446 1089 1478 certe
1119 1437 1248 1486 efficit,
1279 1445 1346 1476 ut:
1386 1437 1495 1489 Ignis

104 1511 146 1534 ²0
161 1502 345 1542 accendit
359 1518 369 1551 3
396 1505 574 1552 alterum,
597 1505 706 1554 quod
732 1511 912 1543 naturam
939 1502 1136 1543 efficiendi
1166 1516 1247 1542 non
1274 1503 1395 1542 habet
1424 1504 1494 1542 sed

162 1567 247 1606 sine
279 1581 361 1618 quo
389 1568 491 1607 effici
523 1582 605 1608 non
638 1569 773 1619 possit,
804 1576 847 1608 ut
876 1568 908 1607 si
936 1568 1024 1619 quis
1057 1581 1123 1607 aes
1153 1575 1304 1607 statuae
1333 1581 1493 1606 causam

161 1632 254 1672 velit
273 1633 416 1681 dicere,
439 1635 549 1684 quod
575 1634 660 1673 sine
681 1647 729 1673 eo
755 1647 837 1673 non
864 1633 988 1685 possit
1008 1633 1119 1672 effici.
1180 1632 1314 1671 Huius
1339 1633 1493 1683 generis
1512 1646 1554 1680 59

161 1711 380 1747 causarum,
416 1699 501 1738 sine
534 1713 615 1750 quo
649 1713 730 1738 non
764 1699 939 1747 efficitur,
976 1698 1051 1738 alia
1084 1706 1176 1738 sunt
1214 1698 1358 1749 quieta,
1394 1698 1492 1737 nihil

162 1763 328 1815 agentia,
363 1764 507 1803 stolida
539 1766 715 1815 quodam
750 1766 883 1811 modo,
919 1771 963 1803 ut
995 1766 1106 1803 locus
1140 1771 1297 1814 tempus
1330 1763 1493 1803 materia

103 1836 143 1868 ²5
161 1829 396 1868 ferramenta
422 1837 460 1868 et
485 1837 616 1869 cetera
643 1829 796 1880 generis
822 1829 1028 1878 eiusdem3
1055 1829 1131 1868 alia
1155 1836 1288 1868 autem
1315 1842 1493 1880 praecur-

161 1894 312 1934 sionem
358 1896 558 1945 quandam
604 1894 797 1934 adhibent
834 1895 885 1933 ad
923 1894 1175 1934 efficiendum
1214 1902 1253 1933 et
1293 1895 1489 1945 quaedam

159 1960 342 1999 adferunt
367 1974 437 2011 per
462 1974 504 1999 se
527 1960 764 2007 adiuvantia,
787 1959 860 1998 etsi
886 1973 968 1999 non
994 1960 1224 2008 necessaria,
1246 1967 1312 2000 ut:
1350 1960 1490 2000 Amori

159 2025 384 2076 congressio
404 2039 563 2064 causam
591 2027 786 2073 attulerat,
805 2039 916 2064 amor
941 2025 1098 2076 flagitio.
1158 2027 1218 2064 Ex
1244 2027 1321 2065 hoc
1347 2039 1490 2076 genere

159 2104 363 2130 causarum
381 2105 427 2130 ex
446 2090 677 2130 aeternitate
697 2090 957 2141 pendentium
972 2091 1096 2129 fatum
1112 2104 1136 2129 a
1151 2090 1293 2130 Stoicis
1308 2090 1487 2130 nectitur.

100 2164 142 2196 30
160 2157 294 2206 Atque
326 2163 369 2194 ut
402 2169 536 2195 earum
570 2169 775 2194 causarum
815 2155 900 2195 sine
928 2155 1073 2207 quibus
1107 2156 1207 2195 effici
1239 2169 1321 2195 non
1359 2163 1490 2207 potest

22 1205 29 1214 .,

3 1232 28 1266 2

3 1280 22 1294 ἠ,Γ

7 1303 33 1327 ¹33⁷

0 1362 37 1401 ἧς

0 1402 32 1452 ἔξ,

0 1452 33 1620 Ξ

10 1652 26 1691 ⁵?

205 2270 242 2301 17
262 2261 419 2300 equidem
432 2259 500 2300 Offl
515 2272 523 2291 ε
546 2264 581 2291 et
597 2261 734 2301 quidem
747 2258 838 2291 codd.
927 2261 966 2291 18
989 2259 1080 2291 enim
1097 2259 1203 2292 oodd.:
1225 2259 1292 2291 secl.
1305 2259 1486 2292 Friedrich:

158 2303 261 2343 igitur
276 2303 363 2343 OJB:
387 2304 456 2335 secl.
478 2303 581 2335 Orelli
707 2313 751 2335 20
774 2313 843 2334 non
857 2302 1006 2335 habete:
1028 2313 1096 2334 non
1113 2304 1202 2343 quod
1217 2302 1248 2334 Ο
1265 2313 1274 2334 t
1295 2303 1418 2334 habeat
1436 2302 1488 2334 0:

158 2347 260 2378 habet
277 2347 306 2378 C
456 2348 516 2378 sed
540 2347 607 2387 Of:
653 2352 687 2378 et
714 2346 802 2378 codd.
951 2357 994 2387 25
1018 2352 1053 2378 et
1080 2352 1194 2378 cetera
1223 2346 1327 2387 OJBc:
1374 2351 1486 2379 cetera

156 2390 244 2423 codd.
380 2392 423 2422 28
446 2391 605 2423 attulerat
621 2389 711 2422 codd.
729 2390 802 2422 dett.
819 2390 953 2424 Boetlm
978 2391 1126 2423 attulerit
1142 2390 1230 2423 codd.
