<?xml version="1.0" encoding="UTF-8"?>
<!DOCTYPE html PUBLIC "-//W3C//DTD XHTML 1.0 Transitional//EN"
    "http://www.w3.org/TR/xhtml1/DTD/xhtml1-transitional.dtd">
<html xmlns="http://www.w3.org/1999/xhtml" xml:lang="en" lang="en">
 <head>
  <title>
</title>
<meta http-equiv="Content-Type" content="text/html;charset=utf-8" />
  <meta name='ocr-system' content='tesseract 3.04.00' />
  <meta name='ocr-capabilities' content='ocr_page ocr_carea ocr_par ocr_line ocrx_word'/>
</head>
<body>
  <div class='ocr_page' id='page_1' title='image "./rhetoricarecogno02ciceuoft_0266.png"; bbox 0 0 1696 2730; ppageno 0'>
   <div class='ocr_carea' id='block_1_1' title="bbox 162 139 1179 187">
    <p class='ocr_par' dir='ltr' id='par_1_1' title="bbox 162 139 1179 187">
     <span class='ocr_line' id='line_1_1' title="bbox 162 139 1179 187; baseline 0.006 -10"><span class='ocrx_word' id='word_1_1' title='bbox 162 139 246 187; x_wconf 76' lang='lat'>837</span> <span class='ocrx_word' id='word_1_2' title='bbox 563 141 621 180; x_wconf 89' lang='lat' dir='ltr'>M.</span> <span class='ocrx_word' id='word_1_3' title='bbox 660 142 830 181; x_wconf 94' lang='lat' dir='ltr'>TVLLI</span> <span class='ocrx_word' id='word_1_4' title='bbox 870 142 1179 183; x_wconf 91' lang='lat' dir='ltr'>CICERONIS</span> 
     </span>
    </p>
   </div>
   <div class='ocr_carea' id='block_1_2' title="bbox 135 251 1696 2267">
    <p class='ocr_par' dir='ltr' id='par_1_2' title="bbox 141 251 1593 1155">
     <span class='ocr_line' id='line_1_2' title="bbox 203 251 1536 307; baseline 0.006 -18"><span class='ocrx_word' id='word_1_5' title='bbox 203 264 250 290; x_wconf 85' lang='lat' dir='ltr'>ea</span> <span class='ocrx_word' id='word_1_6' title='bbox 278 264 369 290; x_wconf 91' lang='lat' dir='ltr'>cum</span> <span class='ocrx_word' id='word_1_7' title='bbox 399 251 586 291; x_wconf 83' lang='lat' dir='ltr'>redierint</span> <span class='ocrx_word' id='word_1_8' title='bbox 614 261 704 304; x_wconf 88' lang='lat' dir='ltr'>post</span> <span class='ocrx_word' id='word_1_9' title='bbox 732 256 784 293; x_wconf 86' lang='lat' dir='ltr'>ad</span> <span class='ocrx_word' id='word_1_10' title='bbox 813 254 920 294; x_wconf 91' lang='lat' dir='ltr'>idem</span> <span class='ocrx_word' id='word_1_11' title='bbox 949 255 1081 303; x_wconf 90' lang='lat' dir='ltr'>limen,</span> <span class='ocrx_word' id='word_1_12' title='bbox 1110 255 1357 307; x_wconf 86' lang='lat' dir='ltr'>postliminio</span> <span class='ocrx_word' id='word_1_13' title='bbox 1385 257 1536 298; x_wconf 87' lang='lat' dir='ltr'>redisse</span> 
     </span>
     <span class='ocr_line' id='line_1_3' title="bbox 202 317 1534 370; baseline 0.005 -14"><span class='ocrx_word' id='word_1_14' title='bbox 202 317 422 357; x_wconf 89' lang='lat' dir='ltr'>videantur.</span> <span class='ocrx_word' id='word_1_15' title='bbox 500 320 593 368; x_wconf 89' lang='lat' dir='ltr'>Quo</span> <span class='ocrx_word' id='word_1_16' title='bbox 639 333 783 370; x_wconf 87' lang='lat' dir='ltr'><strong>genere</strong></span> <span class='ocrx_word' id='word_1_17' title='bbox 830 320 949 360; x_wconf 89' lang='lat' dir='ltr'>etiam</span> <span class='ocrx_word' id='word_1_18' title='bbox 989 320 1171 361; x_wconf 82' lang='lat' dir='ltr'>Mancini</span> <span class='ocrx_word' id='word_1_19' title='bbox 1208 337 1329 362; x_wconf 86' lang='lat' dir='ltr'>causa</span> <span class='ocrx_word' id='word_1_20' title='bbox 1371 323 1534 363; x_wconf 83' lang='lat' dir='ltr'>defendi</span> 
     </span>
     <span class='ocr_line' id='line_1_4' title="bbox 202 384 1533 440; baseline 0.005 -18"><span class='ocrx_word' id='word_1_21' title='bbox 202 390 343 434; x_wconf 85' lang='lat' dir='ltr'>potest,</span> <span class='ocrx_word' id='word_1_22' title='bbox 383 384 629 434; x_wconf 90' lang='lat' dir='ltr'>postliminio</span> <span class='ocrx_word' id='word_1_23' title='bbox 667 385 839 435; x_wconf 90' lang='lat' dir='ltr'>redisse3</span> <span class='ocrx_word' id='word_1_24' title='bbox 886 387 1067 426; x_wconf 91' lang='lat' dir='ltr'>deditum</span> <span class='ocrx_word' id='word_1_25' title='bbox 1101 402 1183 428; x_wconf 92' lang='lat' dir='ltr'>non</span> <span class='ocrx_word' id='word_1_26' title='bbox 1214 402 1311 436; x_wconf 89' lang='lat' dir='ltr'>esse,</span> <span class='ocrx_word' id='word_1_27' title='bbox 1343 388 1533 440; x_wconf 88' lang='lat' dir='ltr'>quoniam</span> 
     </span>
     <span class='ocr_line' id='line_1_5' title="bbox 201 445 1532 504; baseline 0.005 -17"><span class='ocrx_word' id='word_1_28' title='bbox 201 462 284 488; x_wconf 89' lang='lat' dir='ltr'>non</span> <span class='ocrx_word' id='word_1_29' title='bbox 303 448 353 488; x_wconf 92' lang='lat' dir='ltr'>sit</span> <span class='ocrx_word' id='word_1_30' title='bbox 371 457 552 501; x_wconf 90' lang='lat' dir='ltr'>receptus</span> <span class='ocrx_word' id='word_1_31' title='bbox 566 465 577 499; x_wconf 99' lang='lat'>3</span> <span class='ocrx_word' id='word_1_32' title='bbox 605 464 698 489; x_wconf 89' lang='lat' dir='ltr'>nam</span> <span class='ocrx_word' id='word_1_33' title='bbox 714 465 845 502; x_wconf 90' lang='lat' dir='ltr'>neque</span> <span class='ocrx_word' id='word_1_34' title='bbox 860 445 1107 492; x_wconf 84' lang='lat' dir='ltr'>deditionem</span> <span class='ocrx_word' id='word_1_35' title='bbox 1123 467 1254 504; x_wconf 89' lang='lat' dir='ltr'>neque</span> <span class='ocrx_word' id='word_1_36' title='bbox 1273 453 1532 494; x_wconf 88' lang='lat' dir='ltr'>donationem</span> 
     </span>
     <span class='ocr_line' id='line_1_6' title="bbox 153 513 1571 568; baseline 0.006 -16"><span class='ocrx_word' id='word_1_37' title='bbox 153 535 155 537; x_wconf 90' lang='lat'>·</span> <span class='ocrx_word' id='word_1_38' title='bbox 202 513 287 553; x_wconf 89' lang='lat' dir='ltr'>sine</span> <span class='ocrx_word' id='word_1_39' title='bbox 305 515 539 566; x_wconf 85' lang='lat' dir='ltr'>acceptione</span> <span class='ocrx_word' id='word_1_40' title='bbox 558 515 732 567; x_wconf 88' lang='lat' dir='ltr'>intellegi</span> <span class='ocrx_word' id='word_1_41' title='bbox 751 531 879 568; x_wconf 88' lang='lat' dir='ltr'>posse.</span> <span class='ocrx_word' id='word_1_42' title='bbox 1187 551 1191 554; x_wconf 87' lang='lat'>.</span> <span class='ocrx_word' id='word_1_43' title='bbox 1552 526 1571 560; x_wconf 80' lang='lat'>⁵</span> 
     </span>
     <span class='ocr_line' id='line_1_7' title="bbox 141 577 1532 643; baseline 0.005 -28"><span class='ocrx_word' id='word_1_44' title='bbox 141 605 181 643; x_wconf 82' lang='lat'>38</span> <span class='ocrx_word' id='word_1_45' title='bbox 257 577 443 628; x_wconf 89' lang='lat' dir='ltr'>Sequitur</span> <span class='ocrx_word' id='word_1_46' title='bbox 461 577 493 617; x_wconf 90' lang='lat' dir='ltr'>is</span> <span class='ocrx_word' id='word_1_47' title='bbox 522 579 645 627; x_wconf 87' lang='lat' dir='ltr'>locus,</span> <span class='ocrx_word' id='word_1_48' title='bbox 669 579 737 630; x_wconf 92' lang='lat' dir='ltr'>qui</span> <span class='ocrx_word' id='word_1_49' title='bbox 757 587 913 619; x_wconf 86' lang='lat' dir='ltr'>constat</span> <span class='ocrx_word' id='word_1_50' title='bbox 938 594 986 620; x_wconf 89' lang='lat' dir='ltr'>ex</span> <span class='ocrx_word' id='word_1_51' title='bbox 1006 581 1061 620; x_wconf 92' lang='lat' dir='ltr'>eis</span> <span class='ocrx_word' id='word_1_52' title='bbox 1086 581 1203 621; x_wconf 90' lang='lat' dir='ltr'>rebus</span> <span class='ocrx_word' id='word_1_53' title='bbox 1230 596 1332 633; x_wconf 89' lang='lat' dir='ltr'>quae</span> <span class='ocrx_word' id='word_1_54' title='bbox 1356 584 1532 634; x_wconf 88' lang='lat' dir='ltr'>quodam</span> 
     </span>
     <span class='ocr_line' id='line_1_8' title="bbox 201 644 1534 698; baseline 0.005 -17"><span class='ocrx_word' id='word_1_55' title='bbox 201 644 324 682; x_wconf 91' lang='lat' dir='ltr'>modo</span> <span class='ocrx_word' id='word_1_56' title='bbox 349 644 531 683; x_wconf 88' lang='lat' dir='ltr'>adfectae</span> <span class='ocrx_word' id='word_1_57' title='bbox 555 652 647 684; x_wconf 90' lang='lat' dir='ltr'>sunt</span> <span class='ocrx_word' id='word_1_58' title='bbox 673 646 724 684; x_wconf 91' lang='lat' dir='ltr'>ad</span> <span class='ocrx_word' id='word_1_59' title='bbox 751 645 792 685; x_wconf 90' lang='lat' dir='ltr'>id</span> <span class='ocrx_word' id='word_1_60' title='bbox 813 647 864 685; x_wconf 91' lang='lat' dir='ltr'>de</span> <span class='ocrx_word' id='word_1_61' title='bbox 888 660 969 697; x_wconf 91' lang='lat' dir='ltr'>quo</span> <span class='ocrx_word' id='word_1_62' title='bbox 993 646 1207 698; x_wconf 86' lang='lat' dir='ltr'>ambigitur</span> <span class='ocrx_word' id='word_1_63' title='bbox 1220 662 1231 696; x_wconf 94' lang='lat'>3</span> <span class='ocrx_word' id='word_1_64' title='bbox 1260 661 1380 698; x_wconf 90' lang='lat' dir='ltr'>quern</span> <span class='ocrx_word' id='word_1_65' title='bbox 1410 649 1534 688; x_wconf 91' lang='lat' dir='ltr'>modo</span> 
     </span>
     <span class='ocr_line' id='line_1_9' title="bbox 199 707 1534 763; baseline 0.005 -17"><span class='ocrx_word' id='word_1_66' title='bbox 199 707 280 747; x_wconf 87' lang='lat' dir='ltr'>dixi</span> <span class='ocrx_word' id='word_1_67' title='bbox 308 708 350 747; x_wconf 92' lang='lat' dir='ltr'>in</span> <span class='ocrx_word' id='word_1_68' title='bbox 379 710 510 760; x_wconf 87' lang='lat' dir='ltr'>plures</span> <span class='ocrx_word' id='word_1_69' title='bbox 535 718 665 760; x_wconf 91' lang='lat' dir='ltr'>partes</span> <span class='ocrx_word' id='word_1_70' title='bbox 694 710 961 750; x_wconf 90' lang='lat' dir='ltr'>distributum.</span> <span class='ocrx_word' id='word_1_71' title='bbox 1019 711 1144 752; x_wconf 91' lang='lat' dir='ltr'>Cuius</span> <span class='ocrx_word' id='word_1_72' title='bbox 1168 720 1227 751; x_wconf 89' lang='lat' dir='ltr'>est</span> <span class='ocrx_word' id='word_1_73' title='bbox 1246 713 1396 763; x_wconf 90' lang='lat' dir='ltr'>primus</span> <span class='ocrx_word' id='word_1_74' title='bbox 1422 715 1534 753; x_wconf 90' lang='lat' dir='ltr'>locus</span> 
     </span>
     <span class='ocr_line' id='line_1_10' title="bbox 199 774 1533 831; baseline 0.004 -19"><span class='ocrx_word' id='word_1_75' title='bbox 199 787 247 812; x_wconf 86' lang='lat' dir='ltr'>ex</span> <span class='ocrx_word' id='word_1_76' title='bbox 276 774 568 825; x_wconf 90' lang='lat' dir='ltr'>coniugatione,</span> <span class='ocrx_word' id='word_1_77' title='bbox 597 789 718 826; x_wconf 90' lang='lat' dir='ltr'>quam</span> <span class='ocrx_word' id='word_1_78' title='bbox 740 774 916 830; x_wconf 77' lang='lat' dir='ltr'>[Graeci]</span> <span class='ocrx_word' id='word_1_79' title='bbox 946 778 1127 831; x_wconf 86' lang='grc' dir='ltr'>συζυγίαν</span> <span class='ocrx_word' id='word_1_80' title='bbox 1154 785 1313 827; x_wconf 88' lang='lat' dir='ltr'>vocant,</span> <span class='ocrx_word' id='word_1_81' title='bbox 1342 778 1533 818; x_wconf 90' lang='lat' dir='ltr'>finitimus</span> 
     </span>
     <span class='ocr_line' id='line_1_11' title="bbox 200 839 1593 895; baseline 0.005 -17"><span class='ocrx_word' id='word_1_82' title='bbox 200 839 405 888; x_wconf 89' lang='lat' dir='ltr'>notationi,</span> <span class='ocrx_word' id='word_1_83' title='bbox 429 841 479 879; x_wconf 91' lang='lat' dir='ltr'>de</span> <span class='ocrx_word' id='word_1_84' title='bbox 509 855 588 891; x_wconf 90' lang='lat' dir='ltr'>qua</span> <span class='ocrx_word' id='word_1_85' title='bbox 617 843 740 881; x_wconf 91' lang='lat' dir='ltr'>modo</span> <span class='ocrx_word' id='word_1_86' title='bbox 761 841 913 881; x_wconf 89' lang='lat' dir='ltr'>dictum</span> <span class='ocrx_word' id='word_1_87' title='bbox 940 850 1000 882; x_wconf 89' lang='lat' dir='ltr'>est</span> <span class='ocrx_word' id='word_1_88' title='bbox 1013 858 1023 892; x_wconf 89' lang='lat'>3</span> <span class='ocrx_word' id='word_1_89' title='bbox 1053 850 1106 891; x_wconf 90' lang='lat' dir='ltr'>ut,</span> <span class='ocrx_word' id='word_1_90' title='bbox 1136 843 1168 882; x_wconf 92' lang='lat' dir='ltr'>si</span> <span class='ocrx_word' id='word_1_91' title='bbox 1193 857 1339 894; x_wconf 89' lang='lat' dir='ltr'>aquam</span> <span class='ocrx_word' id='word_1_92' title='bbox 1359 844 1534 895; x_wconf 89' lang='lat' dir='ltr'>pluviam</span> <span class='ocrx_word' id='word_1_93' title='bbox 1555 861 1593 886; x_wconf 80' lang='grc' dir='ltr'>ιο</span> 
     </span>
     <span class='ocr_line' id='line_1_12' title="bbox 199 905 1531 958; baseline 0.005 -15"><span class='ocrx_word' id='word_1_94' title='bbox 199 918 286 944; x_wconf 89' lang='lat' dir='ltr'>eam</span> <span class='ocrx_word' id='word_1_95' title='bbox 308 907 431 945; x_wconf 91' lang='lat' dir='ltr'>modo</span> <span class='ocrx_word' id='word_1_96' title='bbox 450 905 767 957; x_wconf 85' lang='lat' dir='ltr'>intellegeremus</span> <span class='ocrx_word' id='word_1_97' title='bbox 781 921 900 958; x_wconf 90' lang='lat' dir='ltr'>quam</span> <span class='ocrx_word' id='word_1_98' title='bbox 921 908 1038 947; x_wconf 90' lang='lat' dir='ltr'>imbri</span> <span class='ocrx_word' id='word_1_99' title='bbox 1058 910 1280 948; x_wconf 89' lang='lat' dir='ltr'>conlectam</span> <span class='ocrx_word' id='word_1_100' title='bbox 1296 909 1531 958; x_wconf 88' lang='lat' dir='ltr'>videremus,</span> 
     </span>
     <span class='ocr_line' id='line_1_13' title="bbox 198 967 1534 1023; baseline 0.005 -18"><span class='ocrx_word' id='word_1_101' title='bbox 198 967 349 1007; x_wconf 88' lang='lat' dir='ltr'>veniret</span> <span class='ocrx_word' id='word_1_102' title='bbox 380 968 551 1017; x_wconf 90' lang='lat' dir='ltr'>Mucius,</span> <span class='ocrx_word' id='word_1_103' title='bbox 574 968 653 1020; x_wconf 92' lang='lat' dir='ltr'>qui,</span> <span class='ocrx_word' id='word_1_104' title='bbox 677 969 770 1020; x_wconf 87' lang='lat' dir='ltr'>quia</span> <span class='ocrx_word' id='word_1_105' title='bbox 798 970 1010 1021; x_wconf 87' lang='lat' dir='ltr'>coniugata</span> <span class='ocrx_word' id='word_1_106' title='bbox 1031 971 1151 1010; x_wconf 91' lang='lat' dir='ltr'>verba</span> <span class='ocrx_word' id='word_1_107' title='bbox 1180 979 1311 1011; x_wconf 86' lang='lat' dir='ltr'>essent</span> <span class='ocrx_word' id='word_1_108' title='bbox 1337 972 1470 1023; x_wconf 87' lang='lat' dir='ltr'>pluvia</span> <span class='ocrx_word' id='word_1_109' title='bbox 1495 980 1534 1012; x_wconf 92' lang='lat' dir='ltr'>et</span> 
     </span>
     <span class='ocr_line' id='line_1_14' title="bbox 200 1033 1533 1090; baseline 0.005 -19"><span class='ocrx_word' id='word_1_110' title='bbox 200 1034 387 1083; x_wconf 89' lang='lat' dir='ltr'>pluendo,</span> <span class='ocrx_word' id='word_1_111' title='bbox 438 1033 587 1073; x_wconf 90' lang='lat' dir='ltr'>diceret</span> <span class='ocrx_word' id='word_1_112' title='bbox 635 1047 797 1074; x_wconf 90' lang='lat' dir='ltr'>omnem</span> <span class='ocrx_word' id='word_1_113' title='bbox 844 1049 990 1086; x_wconf 88' lang='lat' dir='ltr'>aquam</span> <span class='ocrx_word' id='word_1_114' title='bbox 1037 1044 1219 1087; x_wconf 89' lang='lat' dir='ltr'>oportere</span> <span class='ocrx_word' id='word_1_115' title='bbox 1265 1037 1388 1077; x_wconf 90' lang='lat' dir='ltr'>arceri</span> <span class='ocrx_word' id='word_1_116' title='bbox 1430 1051 1533 1090; x_wconf 90' lang='lat' dir='ltr'>quae</span> 
     </span>
     <span class='ocr_line' id='line_1_15' title="bbox 141 1098 1534 1155; baseline 0.005 -20"><span class='ocrx_word' id='word_1_117' title='bbox 141 1116 182 1148; x_wconf 83' lang='lat'>39</span> <span class='ocrx_word' id='word_1_118' title='bbox 201 1099 377 1148; x_wconf 91' lang='lat' dir='ltr'>pluendo</span> <span class='ocrx_word' id='word_1_119' title='bbox 415 1098 611 1138; x_wconf 86' lang='lat' dir='ltr'>crevisset.</span> <span class='ocrx_word' id='word_1_120' title='bbox 682 1100 787 1139; x_wconf 90' lang='lat' dir='ltr'>Cum</span> <span class='ocrx_word' id='word_1_121' title='bbox 820 1108 955 1140; x_wconf 92' lang='lat' dir='ltr'>autem</span> <span class='ocrx_word' id='word_1_122' title='bbox 989 1114 1012 1139; x_wconf 92' lang='lat' dir='ltr'>a</span> <span class='ocrx_word' id='word_1_123' title='bbox 1039 1115 1182 1152; x_wconf 87' lang='lat' dir='ltr'>genere</span> <span class='ocrx_word' id='word_1_124' title='bbox 1221 1103 1388 1142; x_wconf 89' lang='lat' dir='ltr'>ducetur</span> <span class='ocrx_word' id='word_1_125' title='bbox 1424 1116 1534 1155; x_wconf 88' lang='lat' dir='ltr'>argu-</span> 
     </span>
    </p>

    <p class='ocr_par' dir='ltr' id='par_1_3' title="bbox 200 1164 1591 1221">
     <span class='ocr_line' id='line_1_16' title="bbox 200 1164 1591 1221; baseline 0.005 -19"><span class='ocrx_word' id='word_1_126' title='bbox 200 1171 391 1212; x_wconf 88' lang='lat' dir='ltr'>mentum,</span> <span class='ocrx_word' id='word_1_127' title='bbox 431 1178 514 1203; x_wconf 94' lang='lat' dir='ltr'>non</span> <span class='ocrx_word' id='word_1_128' title='bbox 551 1164 623 1204; x_wconf 91' lang='lat' dir='ltr'>erit</span> <span class='ocrx_word' id='word_1_129' title='bbox 656 1179 819 1204; x_wconf 89' lang='lat' dir='ltr'>necesse</span> <span class='ocrx_word' id='word_1_130' title='bbox 857 1165 898 1205; x_wconf 90' lang='lat' dir='ltr'>id</span> <span class='ocrx_word' id='word_1_131' title='bbox 931 1179 1059 1217; x_wconf 92' lang='lat' dir='ltr'>usque</span> <span class='ocrx_word' id='word_1_132' title='bbox 1096 1181 1120 1206; x_wconf 87' lang='lat' dir='ltr'>a</span> <span class='ocrx_word' id='word_1_133' title='bbox 1156 1167 1285 1218; x_wconf 90' lang='lat' dir='ltr'>capite</span> <span class='ocrx_word' id='word_1_134' title='bbox 1322 1180 1528 1208; x_wconf 86' lang='lat' dir='ltr'>arcessere.</span> <span class='ocrx_word' id='word_1_135' title='bbox 1554 1186 1591 1221; x_wconf 87' lang='lat'>15</span> 
     </span>
    </p>

    <p class='ocr_par' dir='ltr' id='par_1_4' title="bbox 198 1229 1533 1284">
     <span class='ocr_line' id='line_1_17' title="bbox 198 1229 1533 1284; baseline 0.005 -17"><span class='ocrx_word' id='word_1_136' title='bbox 198 1230 325 1281; x_wconf 88' lang='lat' dir='ltr'>Saepe</span> <span class='ocrx_word' id='word_1_137' title='bbox 346 1229 465 1268; x_wconf 89' lang='lat' dir='ltr'>etiam</span> <span class='ocrx_word' id='word_1_138' title='bbox 489 1229 585 1269; x_wconf 93' lang='lat' dir='ltr'>citra</span> <span class='ocrx_word' id='word_1_139' title='bbox 605 1230 706 1278; x_wconf 87' lang='lat' dir='ltr'>licet,</span> <span class='ocrx_word' id='word_1_140' title='bbox 730 1232 827 1270; x_wconf 91' lang='lat' dir='ltr'>dum</span> <span class='ocrx_word' id='word_1_141' title='bbox 855 1233 978 1271; x_wconf 91' lang='lat' dir='ltr'>modo</span> <span class='ocrx_word' id='word_1_142' title='bbox 1008 1245 1126 1284; x_wconf 90' lang='lat' dir='ltr'>supra</span> <span class='ocrx_word' id='word_1_143' title='bbox 1155 1232 1204 1272; x_wconf 93' lang='lat' dir='ltr'>sit</span> <span class='ocrx_word' id='word_1_144' title='bbox 1223 1235 1332 1284; x_wconf 94' lang='lat' dir='ltr'>quod</span> <span class='ocrx_word' id='word_1_145' title='bbox 1353 1234 1533 1283; x_wconf 88' lang='lat' dir='ltr'>sumitur,</span> 
     </span>
    </p>

    <p class='ocr_par' dir='ltr' id='par_1_5' title="bbox 198 1294 1534 1351">
     <span class='ocr_line' id='line_1_18' title="bbox 198 1294 1534 1351; baseline 0.004 -18"><span class='ocrx_word' id='word_1_146' title='bbox 198 1308 318 1345; x_wconf 89' lang='lat' dir='ltr'>quam</span> <span class='ocrx_word' id='word_1_147' title='bbox 346 1294 388 1334; x_wconf 91' lang='lat' dir='ltr'>id</span> <span class='ocrx_word' id='word_1_148' title='bbox 415 1296 467 1334; x_wconf 90' lang='lat' dir='ltr'>ad</span> <span class='ocrx_word' id='word_1_149' title='bbox 497 1297 607 1346; x_wconf 93' lang='lat' dir='ltr'>quod</span> <span class='ocrx_word' id='word_1_150' title='bbox 637 1296 829 1346; x_wconf 90' lang='lat' dir='ltr'>sumitur3</span> <span class='ocrx_word' id='word_1_151' title='bbox 863 1305 906 1336; x_wconf 90' lang='lat' dir='ltr'>ut</span> <span class='ocrx_word' id='word_1_152' title='bbox 933 1311 1038 1348; x_wconf 91' lang='lat' dir='ltr'>aqua</span> <span class='ocrx_word' id='word_1_153' title='bbox 1066 1297 1200 1348; x_wconf 91' lang='lat' dir='ltr'>pluvia</span> <span class='ocrx_word' id='word_1_154' title='bbox 1223 1298 1365 1338; x_wconf 92' lang='lat' dir='ltr'>ultimo</span> <span class='ocrx_word' id='word_1_155' title='bbox 1390 1313 1534 1351; x_wconf 89' lang='lat' dir='ltr'>genere</span> 
     </span>
    </p>

    <p class='ocr_par' dir='ltr' id='par_1_6' title="bbox 198 1361 1533 1484">
     <span class='ocr_line' id='line_1_19' title="bbox 198 1361 1533 1416; baseline 0.004 -17"><span class='ocrx_word' id='word_1_156' title='bbox 198 1374 245 1399; x_wconf 86' lang='lat' dir='ltr'>ea</span> <span class='ocrx_word' id='word_1_157' title='bbox 268 1367 327 1399; x_wconf 89' lang='lat' dir='ltr'>est</span> <span class='ocrx_word' id='word_1_158' title='bbox 348 1374 450 1411; x_wconf 91' lang='lat' dir='ltr'>quae</span> <span class='ocrx_word' id='word_1_159' title='bbox 470 1362 522 1400; x_wconf 90' lang='lat' dir='ltr'>de</span> <span class='ocrx_word' id='word_1_160' title='bbox 545 1362 656 1401; x_wconf 88' lang='lat' dir='ltr'>caelo</span> <span class='ocrx_word' id='word_1_161' title='bbox 676 1361 840 1401; x_wconf 89' lang='lat' dir='ltr'>veniens</span> <span class='ocrx_word' id='word_1_162' title='bbox 867 1362 1007 1402; x_wconf 89' lang='lat' dir='ltr'>crescit</span> <span class='ocrx_word' id='word_1_163' title='bbox 1027 1362 1155 1411; x_wconf 90' lang='lat' dir='ltr'>imbri,</span> <span class='ocrx_word' id='word_1_164' title='bbox 1177 1365 1248 1403; x_wconf 90' lang='lat' dir='ltr'>sed</span> <span class='ocrx_word' id='word_1_165' title='bbox 1274 1364 1469 1416; x_wconf 91' lang='lat' dir='ltr'>propiore,</span> <span class='ocrx_word' id='word_1_166' title='bbox 1492 1365 1533 1404; x_wconf 86' lang='lat' dir='ltr'>in</span> 
     </span>
     <span class='ocr_line' id='line_1_20' title="bbox 198 1425 1531 1484; baseline 0.005 -21"><span class='ocrx_word' id='word_1_167' title='bbox 198 1439 279 1477; x_wconf 91' lang='lat' dir='ltr'>quo</span> <span class='ocrx_word' id='word_1_168' title='bbox 310 1425 423 1476; x_wconf 90' lang='lat' dir='ltr'>quasi</span> <span class='ocrx_word' id='word_1_169' title='bbox 447 1425 507 1465; x_wconf 88' lang='lat' dir='ltr'>ius</span> <span class='ocrx_word' id='word_1_170' title='bbox 536 1427 697 1466; x_wconf 87' lang='lat' dir='ltr'>arcendi</span> <span class='ocrx_word' id='word_1_171' title='bbox 726 1428 961 1476; x_wconf 90' lang='lat' dir='ltr'>continetur,</span> <span class='ocrx_word' id='word_1_172' title='bbox 995 1426 1135 1481; x_wconf 85' lang='lat' dir='ltr'>[genus</span> <span class='ocrx_word' id='word_1_173' title='bbox 1162 1437 1220 1468; x_wconf 89' lang='lat' dir='ltr'>est</span> <span class='ocrx_word' id='word_1_174' title='bbox 1249 1443 1353 1480; x_wconf 90' lang='lat' dir='ltr'>aqua</span> <span class='ocrx_word' id='word_1_175' title='bbox 1380 1429 1531 1484; x_wconf 91' lang='lat' dir='ltr'>pluvia]</span> 
     </span>
    </p>

    <p class='ocr_par' dir='ltr' id='par_1_7' title="bbox 198 1491 1594 1545">
     <span class='ocr_line' id='line_1_21' title="bbox 198 1491 1594 1545; baseline 0.005 -16"><span class='ocrx_word' id='word_1_176' title='bbox 198 1505 371 1530; x_wconf 90' lang='lat' dir='ltr'>nocens:</span> <span class='ocrx_word' id='word_1_177' title='bbox 412 1491 496 1530; x_wconf 87' lang='lat' dir='ltr'>eius</span> <span class='ocrx_word' id='word_1_178' title='bbox 529 1492 683 1542; x_wconf 87' lang='lat' dir='ltr'>generis</span> <span class='ocrx_word' id='word_1_179' title='bbox 715 1494 865 1532; x_wconf 89' lang='lat' dir='ltr'>formae</span> <span class='ocrx_word' id='word_1_180' title='bbox 899 1493 976 1533; x_wconf 88' lang='lat' dir='ltr'>loci</span> <span class='ocrx_word' id='word_1_181' title='bbox 1008 1493 1104 1533; x_wconf 88' lang='lat' dir='ltr'>vitio</span> <span class='ocrx_word' id='word_1_182' title='bbox 1138 1502 1177 1533; x_wconf 90' lang='lat' dir='ltr'>et</span> <span class='ocrx_word' id='word_1_183' title='bbox 1208 1509 1329 1534; x_wconf 88' lang='lat' dir='ltr'>manu</span> <span class='ocrx_word' id='word_1_184' title='bbox 1367 1510 1528 1545; x_wconf 88' lang='lat' dir='ltr'>nocens,</span> <span class='ocrx_word' id='word_1_185' title='bbox 1553 1513 1594 1536; x_wconf 85' lang='lat'>20</span> 
     </span>
    </p>

    <p class='ocr_par' dir='ltr' id='par_1_8' title="bbox 135 1557 1696 2002">
     <span class='ocr_line' id='line_1_22' title="bbox 196 1557 1533 1607; baseline 0.005 -13"><span class='ocrx_word' id='word_1_186' title='bbox 196 1570 363 1607; x_wconf 89' lang='lat' dir='ltr'>quarum</span> <span class='ocrx_word' id='word_1_187' title='bbox 392 1558 513 1596; x_wconf 85' lang='lat' dir='ltr'>altera</span> <span class='ocrx_word' id='word_1_188' title='bbox 543 1557 700 1597; x_wconf 90' lang='lat' dir='ltr'>iubetur</span> <span class='ocrx_word' id='word_1_189' title='bbox 725 1558 777 1597; x_wconf 91' lang='lat' dir='ltr'>ab</span> <span class='ocrx_word' id='word_1_190' title='bbox 805 1558 952 1598; x_wconf 86' lang='lat' dir='ltr'>arbitro</span> <span class='ocrx_word' id='word_1_191' title='bbox 976 1558 1149 1599; x_wconf 89' lang='lat' dir='ltr'>coerceri</span> <span class='ocrx_word' id='word_1_192' title='bbox 1172 1561 1294 1599; x_wconf 91' lang='lat' dir='ltr'>altera</span> <span class='ocrx_word' id='word_1_193' title='bbox 1318 1574 1400 1600; x_wconf 91' lang='lat' dir='ltr'>non</span> <span class='ocrx_word' id='word_1_194' title='bbox 1425 1561 1533 1601; x_wconf 89' lang='lat' dir='ltr'>iube-</span> 
     </span>
     <span class='ocr_line' id='line_1_23' title="bbox 135 1623 1535 1678; baseline 0.004 -16"><span class='ocrx_word' id='word_1_195' title='bbox 135 1646 179 1675; x_wconf 86' lang='lat'>40</span> <span class='ocrx_word' id='word_1_196' title='bbox 197 1631 268 1662; x_wconf 92' lang='lat' dir='ltr'>tur.</span> <span class='ocrx_word' id='word_1_197' title='bbox 328 1623 556 1662; x_wconf 90' lang='lat' dir='ltr'>Commode</span> <span class='ocrx_word' id='word_1_198' title='bbox 577 1623 696 1662; x_wconf 88' lang='lat' dir='ltr'>etiam</span> <span class='ocrx_word' id='word_1_199' title='bbox 722 1631 909 1663; x_wconf 88' lang='lat' dir='ltr'>tractatur</span> <span class='ocrx_word' id='word_1_200' title='bbox 929 1625 1028 1664; x_wconf 88' lang='lat' dir='ltr'>haec</span> <span class='ocrx_word' id='word_1_201' title='bbox 1054 1626 1344 1676; x_wconf 89' lang='lat' dir='ltr'>argumentatio</span> <span class='ocrx_word' id='word_1_202' title='bbox 1364 1640 1468 1678; x_wconf 89' lang='lat' dir='ltr'>quae</span> <span class='ocrx_word' id='word_1_203' title='bbox 1487 1641 1535 1667; x_wconf 91' lang='lat' dir='ltr'>ex</span> 
     </span>
     <span class='ocr_line' id='line_1_24' title="bbox 195 1688 1533 1742; baseline 0.005 -16"><span class='ocrx_word' id='word_1_204' title='bbox 195 1700 338 1737; x_wconf 89' lang='lat' dir='ltr'>genere</span> <span class='ocrx_word' id='word_1_205' title='bbox 359 1688 537 1737; x_wconf 90' lang='lat' dir='ltr'>sumitur,</span> <span class='ocrx_word' id='word_1_206' title='bbox 560 1702 652 1727; x_wconf 93' lang='lat' dir='ltr'>cum</span> <span class='ocrx_word' id='word_1_207' title='bbox 682 1703 729 1728; x_wconf 88' lang='lat' dir='ltr'>ex</span> <span class='ocrx_word' id='word_1_208' title='bbox 750 1697 835 1729; x_wconf 92' lang='lat' dir='ltr'>toto</span> <span class='ocrx_word' id='word_1_209' title='bbox 864 1690 985 1741; x_wconf 89' lang='lat' dir='ltr'>partis</span> <span class='ocrx_word' id='word_1_210' title='bbox 1014 1704 1251 1742; x_wconf 89' lang='lat' dir='ltr'>persequare</span> <span class='ocrx_word' id='word_1_211' title='bbox 1281 1693 1359 1731; x_wconf 93' lang='lat' dir='ltr'>hoc</span> <span class='ocrx_word' id='word_1_212' title='bbox 1385 1694 1533 1733; x_wconf 91' lang='lat' dir='ltr'>modo:</span> 
     </span>
     <span class='ocr_line' id='line_1_25' title="bbox 197 1753 1529 1807; baseline 0.005 -16"><span class='ocrx_word' id='word_1_213' title='bbox 197 1753 237 1792; x_wconf 91' lang='lat' dir='ltr'>Si</span> <span class='ocrx_word' id='word_1_214' title='bbox 275 1754 392 1792; x_wconf 90' lang='lat' dir='ltr'>dolus</span> <span class='ocrx_word' id='word_1_215' title='bbox 431 1755 558 1793; x_wconf 88' lang='lat' dir='ltr'>malus</span> <span class='ocrx_word' id='word_1_216' title='bbox 597 1762 667 1802; x_wconf 91' lang='lat' dir='ltr'>est,</span> <span class='ocrx_word' id='word_1_217' title='bbox 709 1769 801 1794; x_wconf 91' lang='lat' dir='ltr'>cum</span> <span class='ocrx_word' id='word_1_218' title='bbox 839 1755 949 1795; x_wconf 89' lang='lat' dir='ltr'>aliud</span> <span class='ocrx_word' id='word_1_219' title='bbox 987 1756 1114 1807; x_wconf 89' lang='lat' dir='ltr'>agitur</span> <span class='ocrx_word' id='word_1_220' title='bbox 1158 1756 1268 1796; x_wconf 89' lang='lat' dir='ltr'>aliud</span> <span class='ocrx_word' id='word_1_221' title='bbox 1312 1757 1529 1807; x_wconf 89' lang='lat' dir='ltr'>simulatur,</span> 
     </span>
     <span class='ocr_line' id='line_1_26' title="bbox 196 1819 1696 1871; baseline 0.003 -14"><span class='ocrx_word' id='word_1_222' title='bbox 196 1832 427 1858; x_wconf 90' lang='lat' dir='ltr'>enumerare</span> <span class='ocrx_word' id='word_1_223' title='bbox 458 1819 550 1858; x_wconf 90' lang='lat' dir='ltr'>licet</span> <span class='ocrx_word' id='word_1_224' title='bbox 584 1819 730 1870; x_wconf 91' lang='lat' dir='ltr'>quibus</span> <span class='ocrx_word' id='word_1_225' title='bbox 769 1819 810 1860; x_wconf 88' lang='lat' dir='ltr'>id</span> <span class='ocrx_word' id='word_1_226' title='bbox 849 1820 980 1860; x_wconf 89' lang='lat' dir='ltr'>modis</span> <span class='ocrx_word' id='word_1_227' title='bbox 1018 1822 1097 1870; x_wconf 90' lang='lat' dir='ltr'>fiat,</span> <span class='ocrx_word' id='word_1_228' title='bbox 1133 1821 1280 1862; x_wconf 89' lang='lat' dir='ltr'>deinde</span> <span class='ocrx_word' id='word_1_229' title='bbox 1318 1822 1359 1862; x_wconf 90' lang='lat' dir='ltr'>in</span> <span class='ocrx_word' id='word_1_230' title='bbox 1393 1832 1592 1871; x_wconf 72' lang='lat' dir='ltr'>eorum&#39;25</span> <span class='ocrx_word' id='word_1_231' title='bbox 1683 1839 1696 1871; x_wconf 61' lang='grc' dir='ltr'>Ξ</span> 
     </span>
     <span class='ocr_line' id='line_1_27' title="bbox 196 1884 1532 1940; baseline 0.004 -17"><span class='ocrx_word' id='word_1_232' title='bbox 196 1884 369 1935; x_wconf 90' lang='lat' dir='ltr'>aliquem</span> <span class='ocrx_word' id='word_1_233' title='bbox 391 1884 431 1924; x_wconf 91' lang='lat' dir='ltr'>id</span> <span class='ocrx_word' id='word_1_234' title='bbox 452 1886 563 1935; x_wconf 93' lang='lat' dir='ltr'>quod</span> <span class='ocrx_word' id='word_1_235' title='bbox 586 1899 726 1936; x_wconf 85' lang='lat' dir='ltr'>arguas</span> <span class='ocrx_word' id='word_1_236' title='bbox 746 1887 842 1925; x_wconf 93' lang='lat' dir='ltr'>dolo</span> <span class='ocrx_word' id='word_1_237' title='bbox 868 1888 974 1926; x_wconf 91' lang='lat' dir='ltr'>malo</span> <span class='ocrx_word' id='word_1_238' title='bbox 997 1888 1145 1926; x_wconf 89' lang='lat' dir='ltr'>factum</span> <span class='ocrx_word' id='word_1_239' title='bbox 1166 1887 1369 1928; x_wconf 88' lang='lat' dir='ltr'>includere</span> <span class='ocrx_word' id='word_1_240' title='bbox 1382 1904 1394 1938; x_wconf 88' lang='lat'>3</span> <span class='ocrx_word' id='word_1_241' title='bbox 1422 1891 1532 1940; x_wconf 90' lang='lat' dir='ltr'>quod</span> 
     </span>
     <span class='ocr_line' id='line_1_28' title="bbox 198 1950 1236 2002; baseline 0.004 -14"><span class='ocrx_word' id='word_1_242' title='bbox 198 1963 322 2000; x_wconf 89' lang='lat' dir='ltr'>genus</span> <span class='ocrx_word' id='word_1_243' title='bbox 342 1950 564 2001; x_wconf 88' lang='lat' dir='ltr'>argumenti</span> <span class='ocrx_word' id='word_1_244' title='bbox 585 1950 625 1988; x_wconf 92' lang='lat' dir='ltr'>in</span> <span class='ocrx_word' id='word_1_245' title='bbox 646 1951 782 2002; x_wconf 91' lang='lat' dir='ltr'>primis</span> <span class='ocrx_word' id='word_1_246' title='bbox 803 1953 961 1990; x_wconf 90' lang='lat' dir='ltr'>firmum</span> <span class='ocrx_word' id='word_1_247' title='bbox 981 1952 1105 2001; x_wconf 86' lang='lat' dir='ltr'>videri</span> <span class='ocrx_word' id='word_1_248' title='bbox 1125 1954 1236 1992; x_wconf 90' lang='lat' dir='ltr'>solet.</span> 
     </span>
    </p>

    <p class='ocr_par' dir='ltr' id='par_1_9' title="bbox 196 2015 1594 2267">
     <span class='ocr_line' id='line_1_29' title="bbox 253 2015 1534 2068; baseline 0.005 -15"><span class='ocrx_word' id='word_1_249' title='bbox 253 2015 481 2054; x_wconf 90' lang='lat' dir='ltr'>Similitudo</span> <span class='ocrx_word' id='word_1_250' title='bbox 515 2015 701 2066; x_wconf 88' lang='lat' dir='ltr'>sequitur,</span> <span class='ocrx_word' id='word_1_251' title='bbox 739 2030 842 2067; x_wconf 81' lang='lat' dir='ltr'>quae</span> <span class='ocrx_word' id='word_1_252' title='bbox 876 2018 954 2056; x_wconf 90' lang='lat' dir='ltr'>late</span> <span class='ocrx_word' id='word_1_253' title='bbox 986 2025 1105 2068; x_wconf 88' lang='lat' dir='ltr'>patet,</span> <span class='ocrx_word' id='word_1_254' title='bbox 1142 2019 1213 2058; x_wconf 90' lang='lat' dir='ltr'>sed</span> <span class='ocrx_word' id='word_1_255' title='bbox 1244 2019 1466 2060; x_wconf 89' lang='lat' dir='ltr'>oratoribus</span> <span class='ocrx_word' id='word_1_256' title='bbox 1494 2027 1534 2060; x_wconf 91' lang='lat' dir='ltr'>et</span> 
     </span>
     <span class='ocr_line' id='line_1_30' title="bbox 198 2080 1533 2132; baseline 0.005 -14"><span class='ocrx_word' id='word_1_257' title='bbox 198 2080 446 2132; x_wconf 88' lang='lat' dir='ltr'>philosophis</span> <span class='ocrx_word' id='word_1_258' title='bbox 467 2081 591 2132; x_wconf 90' lang='lat' dir='ltr'>magis</span> <span class='ocrx_word' id='word_1_259' title='bbox 612 2095 732 2132; x_wconf 91' lang='lat' dir='ltr'>quam</span> <span class='ocrx_word' id='word_1_260' title='bbox 753 2082 878 2122; x_wconf 89' lang='lat' dir='ltr'>vobis.</span> <span class='ocrx_word' id='word_1_261' title='bbox 939 2083 1025 2122; x_wconf 88' lang='lat' dir='ltr'>Etsi</span> <span class='ocrx_word' id='word_1_262' title='bbox 1044 2083 1150 2122; x_wconf 89' lang='lat' dir='ltr'>enim</span> <span class='ocrx_word' id='word_1_263' title='bbox 1178 2097 1317 2124; x_wconf 91' lang='lat' dir='ltr'>omnes</span> <span class='ocrx_word' id='word_1_264' title='bbox 1343 2085 1422 2124; x_wconf 93' lang='lat' dir='ltr'>loci</span> <span class='ocrx_word' id='word_1_265' title='bbox 1441 2093 1533 2125; x_wconf 90' lang='lat' dir='ltr'>sunt</span> 
     </span>
     <span class='ocr_line' id='line_1_31' title="bbox 197 2145 1594 2205; baseline 0.005 -21"><span class='ocrx_word' id='word_1_266' title='bbox 197 2145 377 2184; x_wconf 90' lang='lat' dir='ltr'>omnium</span> <span class='ocrx_word' id='word_1_267' title='bbox 398 2145 714 2197; x_wconf 89' lang='lat' dir='ltr'>disputationum</span> <span class='ocrx_word' id='word_1_268' title='bbox 735 2148 787 2186; x_wconf 88' lang='lat' dir='ltr'>ad</span> <span class='ocrx_word' id='word_1_269' title='bbox 812 2156 1046 2198; x_wconf 88' lang='lat' dir='ltr'>argumenta</span> <span class='ocrx_word' id='word_1_270' title='bbox 1071 2149 1375 2200; x_wconf 90' lang='lat' dir='ltr'>suppeditanda,</span> <span class='ocrx_word' id='word_1_271' title='bbox 1397 2158 1533 2191; x_wconf 90' lang='lat' dir='ltr'>tamen</span> <span class='ocrx_word' id='word_1_272' title='bbox 1553 2173 1594 2205; x_wconf 81' lang='lat'>30</span> 
     </span>
     <span class='ocr_line' id='line_1_32' title="bbox 196 2210 1530 2267; baseline 0.005 -18"><span class='ocrx_word' id='word_1_273' title='bbox 196 2210 282 2250; x_wconf 89' lang='lat' dir='ltr'>aliis</span> <span class='ocrx_word' id='word_1_274' title='bbox 302 2210 639 2262; x_wconf 89' lang='lat' dir='ltr'>disputationibus</span> <span class='ocrx_word' id='word_1_275' title='bbox 668 2212 940 2252; x_wconf 86' lang='lat' dir='ltr'>abundantius</span> <span class='ocrx_word' id='word_1_276' title='bbox 966 2221 1178 2253; x_wconf 91' lang='lat' dir='ltr'>occurrunt</span> <span class='ocrx_word' id='word_1_277' title='bbox 1203 2214 1288 2254; x_wconf 90' lang='lat' dir='ltr'>aliis</span> <span class='ocrx_word' id='word_1_278' title='bbox 1314 2216 1530 2267; x_wconf 90' lang='lat' dir='ltr'>angustius.</span> 
     </span>
    </p>
   </div>
   <div class='ocr_carea' id='block_1_3' title="bbox 1668 0 1696 1741">
    <p class='ocr_par' dir='ltr' id='par_1_10' title="bbox 1668 0 1696 1741">
     <span class='ocr_line' id='line_1_33' title="bbox 1668 0 1696 1741; baseline 0 0"><span class='ocrx_word' id='word_1_279' title='bbox 1668 0 1696 1741; x_wconf 95' lang='lat' dir='ltr'> </span> 
     </span>
    </p>
   </div>
   <div class='ocr_carea' id='block_1_4' title="bbox 131 1996 179 2088">
    <p class='ocr_par' dir='ltr' id='par_1_11' title="bbox 131 1996 179 2088">
     <span class='ocr_line' id='line_1_34' title="bbox 131 1996 179 2023; baseline -0.021 0"><span class='ocrx_word' id='word_1_280' title='bbox 131 1996 179 2023; x_wconf 90' lang='lat'>10</span> 
     </span>
     <span class='ocr_line' id='line_1_35' title="bbox 135 2056 173 2088; baseline 0 -10"><span class='ocrx_word' id='word_1_281' title='bbox 135 2056 173 2088; x_wconf 81' lang='lat'>4¹</span> 
     </span>
    </p>
   </div>
   <div class='ocr_carea' id='block_1_5' title="bbox 196 2314 1538 2434">
    <p class='ocr_par' dir='ltr' id='par_1_12' title="bbox 196 2314 1538 2434">
     <span class='ocr_line' id='line_1_36' title="bbox 239 2314 1538 2370; baseline 0.003 -23"><span class='ocrx_word' id='word_1_282' title='bbox 239 2326 261 2355; x_wconf 93' lang='lat'><strong>9</strong></span> <span class='ocrx_word' id='word_1_283' title='bbox 285 2315 527 2347; x_wconf 85' lang='lat' dir='ltr'>coniunctione</span> <span class='ocrx_word' id='word_1_284' title='bbox 562 2314 712 2364; x_wconf 62' lang='grc' dir='ltr'><strong><em>Λάὁείβ</em></strong></span> <span class='ocrx_word' id='word_1_285' title='bbox 830 2316 953 2348; x_wconf 90' lang='lat' dir='ltr'>Graeci</span> <span class='ocrx_word' id='word_1_286' title='bbox 972 2327 1041 2350; x_wconf 89' lang='lat' dir='ltr'>om.</span> <span class='ocrx_word' id='word_1_287' title='bbox 1061 2317 1150 2350; x_wconf 88' lang='lat' dir='ltr'>codd.</span> <span class='ocrx_word' id='word_1_288' title='bbox 1179 2317 1296 2359; x_wconf 59' lang='lat' dir='ltr'>plura:</span> <span class='ocrx_word' id='word_1_289' title='bbox 1329 2319 1411 2370; x_wconf 44' lang='lat' dir='ltr'>secl..</span> <span class='ocrx_word' id='word_1_290' title='bbox 1434 2318 1538 2351; x_wconf 80' lang='lat' dir='ltr'>Orelli</span> 
     </span>
     <span class='ocr_line' id='line_1_37' title="bbox 196 2358 1532 2434; baseline 0.006 -46"><span class='ocrx_word' id='word_1_291' title='bbox 196 2360 443 2434; x_wconf 40' lang='lat' dir='ltr'>Zbaexcilugata</span> <span class='ocrx_word' id='word_1_292' title='bbox 483 2358 550 2399; x_wconf 91' lang='lat' dir='ltr'>Of:</span> <span class='ocrx_word' id='word_1_293' title='bbox 589 2364 704 2398; x_wconf 74' lang='lat' dir='ltr'>rugata</span> <span class='ocrx_word' id='word_1_294' title='bbox 728 2359 817 2392; x_wconf 84' lang='lat' dir='ltr'>codd.</span> <span class='ocrx_word' id='word_1_295' title='bbox 1000 2371 1040 2400; x_wconf 87' lang='lat'>19</span> <span class='ocrx_word' id='word_1_296' title='bbox 1078 2371 1187 2400; x_wconf 89' lang='lat' dir='ltr'>genus</span> <span class='ocrx_word' id='word_1_297' title='bbox 1211 2386 1220 2394; x_wconf 88' lang='lat'><strong>.</strong></span> <span class='ocrx_word' id='word_1_298' title='bbox 1248 2386 1257 2394; x_wconf 89' lang='lat'><strong>.</strong></span> <span class='ocrx_word' id='word_1_299' title='bbox 1285 2387 1292 2395; x_wconf 96' lang='lat'>.</span> <span class='ocrx_word' id='word_1_300' title='bbox 1320 2363 1434 2403; x_wconf 80' lang='lat' dir='ltr'>pluvia</span> <span class='ocrx_word' id='word_1_301' title='bbox 1463 2364 1532 2396; x_wconf 83' lang='lat' dir='ltr'>secl.</span> 
     </span>
    </p>
   </div>
   <div class='ocr_carea' id='block_1_6' title="bbox 1674 2197 1696 2730">
    <p class='ocr_par' dir='ltr' id='par_1_13' title="bbox 1674 2197 1696 2730">
     <span class='ocr_line' id='line_1_38' title="bbox 1674 2197 1696 2730; textangle 90"><span class='ocrx_word' id='word_1_302' title='bbox 1674 2302 1696 2730; x_wconf 52' lang='lat' dir='ltr'>mmmm-,¹</span> <span class='ocrx_word' id='word_1_303' title='bbox 1683 2245 1696 2295; x_wconf 60' lang='grc' dir='ltr'>.ι-..,</span> <span class='ocrx_word' id='word_1_304' title='bbox 1688 2197 1696 2212; x_wconf 43' lang='grc' dir='ltr'>,ψ</span> 
     </span>
    </p>
   </div>
  </div>
 </body>
</html>
