1696 2730
691 141 927 182 ORATOR
1103 141 1106 143 ’
1423 147 1479 185 26
1497 151 1539 195 89

147 243 388 292 adversarios
409 254 501 305 figet
519 267 594 294 nec
613 267 682 294 eos
702 263 836 294 tamen
855 269 1011 306 semper
1030 269 1104 295 nec
1123 255 1253 296 omnis
1274 270 1348 296 nec
1368 258 1478 296 omni

149 319 282 358 modo.
341 318 498 368 Quibus
528 319 701 371 exceptis
731 319 787 359 sic
816 327 947 359 utetur
974 322 1055 360 sale
1084 328 1122 360 et
1147 321 1309 370 facetiis,
1335 330 1378 361 ut
1404 337 1478 374 ego

148 397 196 422 ex
223 383 306 422 istis
334 384 447 423 novis
471 384 612 424 Atticis
641 386 760 424 talem
789 386 1041 437 cognoverim
1073 386 1289 436 neminem,
1315 401 1407 426 cum
1436 388 1478 427 id

147 456 252 503 certe
284 448 334 487 sit
362 451 423 488 vel
452 449 622 489 maxime
644 451 834 490 Atticum.
894 453 1014 491 Hanc
1043 465 1117 502 ego
1145 451 1280 492 iudico
1308 454 1477 492 formam
1495 473 1539 505 90

111 524 128 556 5
147 513 345 553 summissi
382 515 557 564 oratoris,
596 517 667 555 sed
708 516 840 567 magni
879 524 1012 556 tamen
1050 525 1089 556 et
1125 517 1301 568 germani
1332 517 1478 567 Attici;

147 579 336 630 quoniam
370 580 562 631 quicquid
595 589 654 620 est
685 583 831 620 salsum
864 590 932 621 aut
965 583 1121 622 salubre
1151 582 1192 621 in
1223 583 1411 631 oratione,
1438 583 1479 623 id

146 645 347 696 proprium
381 645 605 685 Atticorum
647 654 716 686 est.
781 649 814 686 E
854 647 998 698 quibus
1041 655 1175 687 tamen
1214 662 1296 687 non
1338 662 1479 688 omnes

146 710 286 749 faceti:
315 710 452 761 Lysias
478 711 571 751 satis
597 719 636 751 et
661 712 897 763 Hyperides,
922 714 1124 752 Demades
1149 721 1302 764 praeter
1329 722 1480 754 ceteros

146 777 276 833 fertur,
297 777 589 816 Demosthenes
610 777 740 817 minus
759 778 950 827 habetur3
979 792 1060 829 quo
1079 778 1242 829 quidem
1263 778 1361 817 mihi
1382 779 1480 817 nihil

91 851 131 874 10
146 840 301 880 videtur
319 841 518 890 urbanius,
540 843 611 881 sed
630 856 712 882 non
738 851 818 882 tam
839 843 954 882 dicax
978 843 1051 882 fuit
1071 857 1190 894 quam
1210 845 1360 883 facetus
1378 859 1388 893 3
1421 852 1481 884 est

146 913 279 945 autem
299 906 396 946 illud
416 907 574 947 acrioris
594 907 738 959 ingeni,
759 910 837 948 hoc
858 908 1015 948 maioris
1033 908 1136 948 artis.

200 972 371 1011 Vberius
418 981 477 1012 est
517 973 624 1012 aliud
670 974 954 1025 aliquantoque
997 974 1196 1014 robustius
1237 988 1356 1026 quam
1401 976 1479 1014 hoc
1495 984 1534 1018 9Ι

148 1037 298 1077 humile
326 1039 377 1077 de
406 1052 486 1089 quo
515 1039 665 1078 dictum
696 1047 766 1087 est,
794 1039 1040 1078 summissius
1069 1048 1202 1079 autem
1232 1054 1352 1090 quam
1382 1039 1480 1079 illud

148 1104 199 1142 de
227 1117 309 1154 quo
338 1103 414 1142 iam
444 1103 598 1143 dicetur
624 1104 925 1155 amplissimum.
985 1107 1078 1144 Hoc
1106 1104 1147 1143 in
1163 1113 1318 1156 ‘genere
1347 1119 1483 1145 nervo-

92 1180 131 1213 15
147 1182 235 1207 rum
254 1170 316 1208 vel
336 1168 558 1217 minimum,
580 1169 781 1208 suavitatis
806 1178 939 1209 autem
966 1178 1025 1209 est
1044 1171 1105 1209 vel
1126 1170 1350 1221 plurimum.
1410 1172 1482 1209 Est

148 1233 254 1273 enim
292 1234 447 1285 plenius
484 1248 604 1285 quam
642 1235 719 1273 hoc
757 1237 1022 1284 enucleatum,
1055 1249 1174 1286 quam
1212 1243 1344 1274 autem
1383 1235 1481 1275 illud

148 1306 330 1338 ornatum
361 1299 649 1350 copiosumque
682 1299 939 1339 summissius.
1000 1300 1110 1339 Huic
1147 1300 1282 1339 omnia
1319 1299 1480 1339 dicendi

147 1372 380 1404 ornamenta
411 1364 654 1404 conveniunt
691 1365 985 1416 plurimumque
1023 1373 1081 1404 est
1114 1365 1154 1404 in
1185 1366 1260 1404 hac
1293 1365 1481 1404 orationis

148 1431 275 1468 forma
307 1429 518 1468 suavitatis.
578 1431 626 1469 In
660 1444 739 1481 qua
769 1430 883 1469 multi
912 1432 1128 1470 floruerunt
1157 1431 1265 1482 apud
1295 1432 1480 1478 Graecos,

81 1515 133 1538 -20
149 1496 220 1534 sed
259 1496 471 1534 Phalereus
511 1496 737 1535 Demetrius
778 1510 869 1535 meo
909 1495 1058 1535 iudicio
1101 1495 1293 1547 praestitit
1330 1495 1480 1542 ceteris,

23 1560 26 1561 ⁷
149 1560 261 1599 cuius
284 1560 408 1600 oratio
434 1574 525 1599 cum
550 1562 685 1600 sedate
711 1561 947 1612 placideque
970 1561 1140 1612 liquitur,
1163 1569 1246 1600 tum
1275 1560 1484 1600 inlustrant

149 1639 237 1665 eam
258 1625 369 1676 quasi
395 1627 530 1665 stellae
550 1627 746 1676 quaedam
770 1626 1479 1685 Q&

148 1693 355 1730 Translata
367 1690 479 1755 dico,
498 1699 541 1730 ut
560 1704 678 1766 saepe
697 1691 786 1738 iam,
809 1704 911 1741 quae
931 1705 1000 1742 per
1018 1690 1317 1730 similitudinem
1337 1691 1388 1730 ab
1407 1690 1484 1730 alia

148 1770 188 1796 re
208 1764 276 1795 aut
295 1738 496 1795 suavitatis
518 1763 586 1795 aut
606 1751 763 1807 inopiae
787 1770 904 1795 causa
924 1757 1234 1804 transferuntur3
1262 1755 1480 1805 immutata,

92 1831 188 1862 ²51n
222 1821 367 1872 quibus
400 1835 472 1871 pro
508 1821 630 1861 verbo
667 1821 826 1872 proprio
864 1821 1055 1860 subicitur
1089 1821 1198 1860 aliud
1231 1822 1341 1872 quod
1373 1821 1481 1860 idem

148 1887 341 1937 significet
362 1894 563 1938 sumptum
590 1901 636 1926 ex
659 1900 700 1926 re
724 1886 856 1938 aliqua
875 1886 1145 1937 consequenti.
1204 1887 1326 1936 Quod
1347 1899 1482 1937 quam·
1498 1903 1541 1936 93

149 1966 268 2004 quam
289 1953 560 1992 transferendo
580 1953 634 2000 fit,
657 1960 790 1991 tamen
809 1952 887 1991 alio
907 1953 1030 1992 modo
1056 1951 1252 1990 transtulit
1272 1965 1363 1990 cum
1384 1951 1482 1990 dixit

150 2018 303 2057 Ennius
318 2031 407 2057 arce
423 2025 461 2057 et
476 2019 573 2057 urbe
593 2019 690 2057 orba
705 2031 803 2065 sum,
818 2017 896 2057 alio
912 2015 1064 2070 modo[‚
1080 2016 1111 2056 si
1126 2030 1197 2068 pro
1212 2016 1337 2068 patria
1350 2031 1480 2056 arcem

1496 1338 1538 1371 92

191 2133 213 2163 3
237 2122 380 2162 cognovi
400 2122 521 2152 maluit
535 2121 622 2152 Reid
772 2130 791 2160 5
815 2121 960 2153 oratoris
976 2131 1054 2154 esse
1071 2120 1194 2152 maluit
1207 2120 1299 2151 Bake
1444 2130 1483 2150 12

150 2170 253 2206 toque
265 2166 439 2197 robustius
448 2166 522 2197 hinc
530 2166 640 2206 incipit
650 2164 748 2196 codex
760 2165 792 2195 A
797 2165 971 2196 bn'ncensis
988 2165 1055 2206 (A)
1148 2174 1186 2204 15
1202 2163 1379 2195 suavitatis
1392 2163 1460 2193 AL
1474 2176 1481 2197 ς

149 2210 306 2241 sanitatis
331 2209 447 2240 Beier:
479 2209 657 2249 sanguinis
678 2207 803 2240 schulz
936 2210 976 2239 16
997 2213 1111 2239 autem
1129 2207 1156 2239 si
1174 2207 1207 2238 A
1346 2208 1385 2237 18
1409 2217 1484 2238 ora·

150 2253 253 2285 tionis
283 2253 401 2285 FPO:
440 2253 628 2284 ornamenti
653 2252 687 2283 A
837 2262 876 2283 21
902 2252 1041 2292 liquitur
1063 2251 1097 2282 A
1118 2263 1126 2283 ε
1162 2251 1288 2282 labitur
1311 2250 1482 2292 Purgold:

150 2297 297 2338 loquitur
311 2295 341 2326 L
464 2307 506 2328 22
529 2297 702 2327 immutata
717 2294 746 2326 L
762 2308 770 2327 :
793 2299 921 2327 mutata
937 2296 969 2326 A
1083 2305 1125 2335 24
1149 2295 1324 2326 immutata
1338 2294 1482 2327 Schdtz:

151 2346 277 2372 mutata
294 2340 363 2371 AL
539 2350 580 2380 27
606 2351 679 2372 cum
705 2339 734 2369 L
753 2352 760 2371 :
784 2340 875 2379 quod
898 2339 932 2371 A
1067 2348 1142 2370 cum
1167 2337 1252 2369 dixit
1271 2338 1339 2370 secl.
1361 2337 1488 2380 Stangl

151 2385 194 2415 28
215 2395 294 2416 arce
317 2389 352 2415 et
375 2384 460 2415 urbe
481 2383 563 2415 orba
586 2394 660 2415 sum
686 2384 794 2423 vulg:
824 2393 936 2415 arcem
960 2387 995 2415 et
1018 2382 1135 2414 urbem
1164 2383 1264 2414 orbas
1285 2381 1338 2413 L:
1365 2386 1485 2414 arcent

153 2427 269 2459 urbem
284 2428 400 2459 orbam
416 2428 450 2459 A
540 2429 641 2459 modo
656 2428 723 2459 secl.
741 2426 867 2468 Stangl
952 2427 979 2458 si
997 2450 1006 2459 .
1027 2450 1036 2459 .
1054 2451 1062 2459 .
1079 2426 1222 2458 dixisset
1237 2425 1305 2457 secl.
1326 2424 1452 2457 Goeller
