1696 2730
707 168 920 208 TOPICA
1433 175 1486 213 24
1508 180 1551 214 91⁷
1582 168 1586 171 '

213 279 308 319 Tria
330 285 421 318 sunt
445 275 593 332 [igitur]
620 290 764 329 genera
786 289 1016 316 causarum:
1046 274 1168 315 iudici
1193 273 1490 315 deliberationis
1509 291 1548 325 91

159 344 408 385 laudationis.
467 345 646 393 Quarum
674 344 772 382 fines
798 341 873 394 ipsi
899 343 1101 381 declarant
1126 340 1271 392 quibus
1294 341 1488 380 ut'endum

160 410 258 450 locis
285 409 344 449 sit.
403 410 509 448 Nam
537 407 660 447 iudici
687 407 776 447 finis
805 415 864 447 est
892 407 964 456 ius,
995 420 1043 446 ex
1070 419 1152 457 quo
1179 405 1299 445 etiam
1327 419 1486 455 nomen.

161 475 262 515 Iuris
280 482 414 514 autem
437 481 566 525 partes
585 481 670 512 turn
690 473 905 524 expositae,
924 486 1016 512 cum
1035 471 1254 523 aequitatis.
1314 470 1491 511 Deliber-

122 556 140 588 5
159 540 254 580 andi
287 539 377 579 finis
408 539 565 587 utilitas,
592 538 703 578 cuius
738 552 807 578 eae
838 546 968 589 partes
999 551 1101 588 quae
1134 538 1258 576 modo
1289 536 1489 588 expositae

161 604 308 660 [rerum
329 602 669 657 expetendarum}
728 602 987 643 Laudationis
1008 603 1097 642 finis
1117 603 1314 650 honestas,
1341 603 1391 642 de
1411 615 1491 653 qua

159 671 256 711 item
293 678 352 710 est
388 677 481 709 ante
518 669 681 709 dictum.
741 670 820 708 Sed
858 668 1044 708 definitae
1077 667 1330 719 quaestiones
1357 680 1381 706 a
1410 667 1489 706 suis
1508 678 1549 712 92

160 749 341 788 quaeque
360 735 459 774 locis
483 734 596 786 quasi
622 734 788 786 propriis
813 734 1069 781 instruuntur,
1091 764 1099 772 .
1123 763 1131 772 .
1155 763 1163 772 .
1186 746 1287 784 quae
1311 732 1352 771 in
1377 746 1491 772 accu-

35 842 38 846 ,
159 801 354 840 sationem
374 799 728 850 defensionemque
747 799 912 851 partitae
925 813 936 848 ς
963 798 1004 837 in
1020 798 1164 849 quibus
1184 797 1376 837 exsistunt
1391 799 1490 837 haec

43 898 45 900 .
103 883 143 906 10
159 879 316 918 genera,
335 873 379 905 ut
397 872 603 905 accusator
625 878 835 915 personam
855 871 990 915 arguat
1009 863 1112 911 facti,
1135 864 1320 903 defensor
1338 862 1489 914 aliquid

160 938 337 983 opponat
362 932 413 971 de
439 930 589 970 tribus:
618 938 686 969 aut
712 943 794 969 non
817 943 903 969 esse
926 931 1073 968 factum
1097 936 1179 978 aut,
1198 928 1230 968 si
1253 927 1303 968 sit
1328 929 1487 976 factum,

158 996 267 1036 aliud
296 996 380 1036 eius
408 995 501 1035 facti
529 1009 677 1035 nomen
706 1008 792 1034 esse
820 1002 887 1034 aut
913 994 996 1034 iure
1021 1007 1107 1034 esse
1129 995 1289 1033 factum.
1349 995 1490 1044 Itaque

159 1069 228 1101 aut
259 1061 432 1100 infitialis
459 1069 528 1100 aut
560 1060 836 1100 coniecturalis
868 1060 995 1112 prima
1026 1061 1258 1111 appelletur,
1287 1058 1491 1098 definitiva

159 1129 291 1175 altera,
313 1126 436 1174 tertia,
458 1126 637 1178 quamvis
664 1127 876 1165 molestum
902 1139 1050 1165 nomen
1077 1126 1154 1164 hoc
1180 1124 1241 1173 sit,
1262 1123 1489 1164 iuridicialis

102 1211 118 1236 ι
124 1211 142 1244 5
160 1200 333 1232 vocetur.
383 1193 538 1230 Harum
554 1204 760 1230 causarum
780 1190 936 1242 propria
953 1197 1184 1241 argumenta
1199 1203 1246 1228 ex
1260 1189 1316 1229 eis
1331 1197 1489 1240 sumpta
1506 1198 1557 1237 25

160 1257 258 1297 locis
295 1270 396 1309 quos
432 1255 688 1307 exposuimus
730 1255 771 1295 in
815 1255 1034 1307 praeceptis
1077 1254 1255 1295 oratoriis
1297 1254 1490 1306 explicata

160 1330 262 1362 sunt.
322 1321 525 1361 Refutatio
557 1329 691 1361 autem
724 1320 999 1370 accusationis,
1031 1322 1072 1359 in
1105 1333 1184 1371 qua
1216 1327 1276 1359 est
1308 1319 1490 1371 depulsio
1507 1327 1551 1360 93

159 1387 345 1436 criminis,
373 1386 562 1438 quoniam
591 1387 743 1426 Graece
768 1387 904 1427 στάσις
928 1385 1083 1434 dicitur,
1103 1386 1323 1436 appelletur
1349 1384 1490 1424 Latine

161 1460 286 1493 status
298 1468 309 1502 3
338 1452 379 1491 in
399 1466 480 1503 quo
499 1451 671 1503 primurn
697 1451 840 1490 insistit
861 1451 973 1502 quasi
998 1452 1051 1490 ad
1076 1451 1379 1501 repugnandum
1399 1463 1491 1489 con-

102 1537 142 1561 πο
161 1532 292 1570 gressa
311 1517 502 1558 defensio.
560 1519 695 1568 Atque
714 1517 755 1556 in
775 1516 1128 1556 deliberationibus
1148 1515 1267 1555 etiam
1294 1523 1334 1556 et
1358 1516 1491 1556 lauda-

161 1583 336 1623 tionibus
356 1583 463 1622 idem
483 1582 676 1622 exsistunt
695 1590 830 1621 status.
887 1583 992 1621 Nam
1018 1589 1058 1621 et
1082 1589 1276 1632 negantur
1300 1594 1418 1632 saepe
1444 1594 1490 1620 ea

159 1651 290 1689 futura
317 1661 420 1700 quae
447 1648 498 1687 ab
528 1647 662 1698 aliquo
688 1647 728 1686 in
757 1647 954 1687 sententia
985 1646 1092 1686 dicta
1120 1654 1211 1685 sunt
1239 1647 1334 1695 fore,
1362 1646 1394 1685 si
1421 1654 1490 1685 aut

160 1713 327 1754 omnino
356 1713 439 1752 fieri
467 1726 549 1752 non
577 1712 731 1764 possint
758 1721 827 1752 aut
855 1713 940 1752 sine
969 1725 1126 1752 summa
1150 1711 1381 1751 difficultate
1407 1725 1489 1751 non

159 1779 312 1832 possint
325 1794 336 1828 ς
362 1779 404 1818 in
424 1792 504 1830 qua
520 1778 860 1829 argumentatione
881 1786 1003 1817 status
1023 1776 1299 1817 coniecturalis
1318 1775 1490 1826 exsistit;

46 1869 49 1882 2
102 1868 142 1902 25
160 1852 228 1884 aut
255 1858 348 1884 cum
376 1843 526 1895 aliquid
555 1845 606 1883 de
635 1843 802 1883 utilitate
831 1845 1039 1883 honestate
1064 1841 1263 1893 aequitate
1289 1841 1490 1881 disseritur
1508 1850 1553 1884 94

160 1911 293 1962 deque
318 1909 375 1949 eis
403 1910 520 1949 rebus
549 1923 652 1959 quae
680 1909 742 1948 his
770 1917 862 1948 sunt
889 1908 1106 1948 contrariae
1134 1907 1338 1947 incurrunt
1366 1915 1490 1947 status

159 1983 228 2015 aut
246 1975 340 2015 iuris
354 1982 422 2014 aut
441 1975 637 2025 nominis3
666 1976 776 2026 quod
795 1975 903 2014 idem
918 1973 1112 2026 contingit
1125 1973 1166 2012 in
1181 1973 1486 2013 laudationibus.

161 2041 266 2080 Nam
292 2049 360 2080 aut
388 2041 521 2092 negari
549 2048 679 2091 potest
708 2040 749 2079 id
775 2041 924 2079 factum
950 2053 1037 2079 esse
1065 2039 1175 2090 quod
1202 2039 1395 2087 laudetur,
1422 2046 1490 2078 aut

40 2146 43 2155 ,,
160 2119 243 2146 non
275 2119 324 2146 eo
358 2106 521 2146 nomine
551 2105 821 2146 adficiendum
859 2118 940 2156 quo
972 2106 1153 2144 laudator
1188 2103 1388 2152 adfecerit,
1422 2112 1491 2143 aut

44 2170 45 2173 '
101 2191 143 2224 30
161 2171 327 2212 omnino
364 2185 447 2211 non
485 2185 571 2211 esse
614 2171 814 2211 laudabile
852 2171 962 2222 quod
1000 2183 1082 2209 non
1124 2177 1242 2217 recte,
1281 2182 1364 2208 non
1407 2168 1490 2209 iure

160 2238 308 2277 factum
346 2237 407 2276 sit.
473 2236 633 2286 Quibus
670 2235 856 2276 omnibus
897 2234 1108 2287 generibus
1145 2247 1240 2274 usus
1277 2241 1336 2274 est
1373 2234 1491 2274 nimis

207 2350 222 2372 ι
248 2341 445 2382 igitur-om.
476 2339 529 2373 0:
559 2341 650 2372 enim
675 2339 766 2372 codd.
922 2340 945 2371 6
975 2349 1088 2371 rerum
1119 2339 1389 2380 expetendarum
1418 2339 1487 2371 secl.

160 2384 322 2416 Friedrich
453 2386 475 2417 8
497 2395 652 2426 quaeque
679 2383 791 2416 codd.:
823 2393 960 2424 quoque
993 2382 1047 2423 Of
1188 2383 1404 2414 instruuntur
1428 2383 1462 2414 A
1482 2393 1490 2414 ε

160 2428 385 2460 instituuntur
411 2428 502 2460 codd.
593 2427 738 2468 Aliquid
749 2427 900 2459 exa'disse
914 2427 1001 2458 docet
1028 2426 1158 2467 Kayser
1242 2437 1329 2467 quae
1359 2437 1425 2458 om.
1446 2425 1500 2467 Of

161 2481 204 2504 22
225 2472 256 2504 si
271 2471 360 2504 codd.
378 2483 387 2504 :
410 2473 471 2504 sed
487 2471 651 2504 Fn'edre'ch
781 2479 824 2511 25
847 2475 882 2503 at
895 2470 987 2503 codd.
