1696 2730
187 152 243 199 56
264 149 326 199 ⁷189
620 151 677 189 M.
718 151 888 193 TVLLI
928 150 1239 191 CICERONIS

180 272 243 306 190
260 262 381 310 longa
408 259 531 299 animi
559 259 785 311 provisione
814 260 1059 311 fugiendum.
1120 261 1250 312 Elegit
1279 275 1326 301 ex
1355 261 1489 302 multis
1519 263 1602 302 Iso-

192 1096 242 1135 57

184 1158 240 1191 191

176 1917 236 1949 192

261 324 358 364 crati
377 324 485 364 libris
506 325 663 376 triginta
683 327 848 365 fortasse
867 339 1002 365 versus
1024 326 1295 377 Hieronymus
1317 327 1600 378 Peripateticus

261 390 302 429 in
322 390 458 441 primis
483 390 638 439 nobilis,
661 392 872 441 plerosque
899 391 1087 440 senariOs,
1107 393 1178 431 sed
1198 392 1317 431 etiam
1341 400 1601 444 anapaestos;

262 469 343 506 quo
370 455 467 506 quid
496 463 627 507 potest
656 470 743 495 esse
771 456 953 507 turpiuS'?
1001 456 1086 496 Etsi
1113 456 1154 495 in
1177 459 1347 508 legendo
1375 457 1468 497 fecit
1494 457 1602 496 mali-

262 521 362 560 tiose
376 535 387 570 3
412 521 539 571 prima
558 521 665 561 enim
686 522 835 572 syllaba
849 523 1013 573 dempta
1032 536 1080 561 ex
1098 522 1227 573 primo
1241 523 1363 562 verbo
1382 523 1601 563 sententiae
1620 539 1638 570 5
1687 525 1696 548 ὃ

262 594 509 637 postremum
542 588 594 626 ad
624 587 789 626 verbum
823 587 990 638 primam
1029 601 1160 626 rursus
1198 588 1389 639 syllabam
1422 588 1601 628 adiunxit

262 651 508 703 insequentis
547 652 766 692 sententiae
782 668 793 702 3
836 652 890 692 ita
927 654 1054 692 factus
1092 661 1151 692 est
1187 661 1424 705 anapaestus
1462 653 1494 693 is
1532 654 1601 705 qui

263 716 579 768 Aristophaneus
605 717 833 757 nominatur
849 733 859 767 3
897 719 1008 769 quod
1037 732 1087 757 ne
1115 718 1270 757 accidat
1299 718 1498 758 observari
1525 733 1601 759 nec

263 790 395 832 potest
414 797 489 822 nec
512 796 676 822 necesse
699 791 769 822 est.
828 785 908 823 Sed
927 791 1062 823 tamen
1082 783 1148 822 hic
1166 792 1365 824 corrector
1383 784 1424 823 in
1444 798 1493 824 eo
1513 785 1600 836 ipso

262 849 353 887 loco
369 862 450 899 quo
465 848 728 899 reprehendit,
747 857 791 888 ut
805 863 829 887 a
845 863 908 888 me
927 849 1106 888 animum
1122 851 1333 889 adversum
1348 857 1408 890 est
1423 850 1600 890 studiose
1621 868 1661 892 ιο
1688 847 1690 849 ’

262 913 486 964 inquirente
510 913 550 952 in
577 927 683 962 eum,
703 913 880 953 immittit
904 914 1136 965 imprudens
1161 914 1246 966 ipse
1274 914 1483 954 senarium.
1542 914 1601 955 Sit

263 978 380 1030 igitur
398 981 476 1019 hoc
501 979 703 1030 cognitum
730 979 771 1018 in
798 979 936 1019 solutis
963 980 1081 1019 etiarn
1105 980 1234 1019 verbis
1260 980 1390 1020 inesse
1413 994 1600 1020 numeros

262 1046 508 1096 eosdemque
527 1059 614 1085 esse
633 1045 824 1085 oratorios
844 1046 913 1096 qui
933 1045 1011 1084 sint
1030 1045 1186 1096 poetici.

317 1111 503 1162 Sequitur
523 1125 616 1162 ergo
640 1119 682 1150 ut
703 1111 770 1162 qui
798 1112 968 1151 maxime
991 1113 1137 1151 cadant
1155 1111 1196 1150 in
1220 1111 1440 1151 orationem
1463 1119 1598 1163 aptam

262 1177 416 1216 numeri
445 1177 665 1216 videndum
700 1177 759 1216 sit.
823 1178 924 1217 Sunt
954 1177 1061 1217 enim
1093 1177 1162 1228 qui
1194 1177 1410 1217 iambicum
1443 1186 1595 1228 putent,
1619 1200 1657 1234 15

262 1243 372 1292 quod
399 1242 448 1282 sit
474 1242 662 1282 orationis
687 1242 920 1291 simillimus,
943 1257 1022 1294 qua
1042 1244 1093 1283 de
1119 1256 1239 1282 causa
1264 1243 1347 1282 fieri
1367 1251 1410 1282 ut
1429 1242 1461 1283 is
1482 1243 1601 1295 potis-

261 1307 406 1346 simum
427 1315 587 1359 propter
606 1308 907 1348 similitudinem
927 1309 1099 1348 veritatis
1125 1309 1362 1348 adhibeatur
1381 1309 1422 1347 in
1441 1309 1597 1359 fabulis,

261 1375 371 1423 quod
398 1373 463 1413 ille
490 1373 707 1425 dactylicus
736 1388 925 1414 numerus
954 1376 1272 1414 hexametrorum
1302 1374 1620 1426 magniloquen-'
1682 1423 1684 1427 .

261 1438 337 1478 tiae
357 1439 406 1478 sit
425 1440 775 1479 accommodatior.
827 1442 1011 1492 Ephorus
1030 1449 1175 1489 autem,
1190 1441 1285 1480 levis
1305 1440 1390 1492 ipse
1409 1449 1540 1480 orator
1558 1449 1598 1481 et

260 1506 461 1555 profectus
490 1519 538 1544 ex
568 1505 720 1557 optima
753 1506 972 1557 disciplina,
996 1520 1148 1558 paeana
1176 1506 1353 1557 sequitur
1378 1514 1445 1546 aut
1465 1508 1597 1558 dacty-
1617 1527 1658 1550 ιο
1682 1510 1684 1526 ²

259 1572 353 1618 lum,
389 1571 487 1621 fugit
524 1579 658 1610 autem
697 1573 922 1623 spondeum
960 1580 1000 1612 et
1030 1574 1273 1611 trochaeum.
1333 1573 1456 1622 Quod
1489 1573 1596 1612 enim

258 1649 384 1687 paean
406 1637 580 1676 habebat
600 1637 667 1676 tris
691 1637 833 1686 brevis,
853 1639 1032 1689 dactylus
1058 1646 1190 1677 autem
1216 1639 1326 1686 duas,
1349 1638 1539 1678 brevitate
1558 1646 1598 1678 et
1679 1648 1696 1715 q

258 1701 457 1741 celeritate
486 1703 724 1752 syllabarum
754 1703 833 1742 labi
860 1711 973 1754 putat
991 1704 1112 1742 verba
1139 1702 1351 1754 proclivius
1380 1711 1597 1755 contraque
1684 1699 1687 1714 ⁷

256 1767 438 1807 accidere
458 1767 497 1806 in
518 1769 700 1819 spondeo
719 1776 758 1808 et
773 1770 980 1817 trochae03
1002 1783 1165 1819 quorum
1185 1770 1295 1820 quod
1314 1770 1413 1808 alter
1431 1782 1453 1808 e
1468 1769 1595 1820 longis
1686 1815 1688 1818 ,

257 1841 412 1872 constet
427 1835 524 1872 alter
538 1847 560 1872 e
575 1833 775 1882 brevibus,
787 1834 870 1873 fieri
889 1836 1052 1873 alteram
1073 1834 1190 1874 nimis
1209 1834 1411 1874 incitatam
1431 1836 1593 1875 alteram
1614 1841 1654 1886 2‘5
1682 1824 1696 1904 ’ξ

257 1899 375 1937 nimis
401 1900 552 1938 tardam
581 1899 814 1948 orationem,
836 1907 1015 1939 neutram
1043 1908 1312 1951 temperatam.
1372 1902 1451 1940 Sed
1477 1909 1517 1941 et
1539 1901 1595 1940 illi
1683 1915 1696 1966 q

257 1964 406 2015 priores
430 1972 558 2003 errant
579 1972 618 2004 et
641 1966 824 2016 Ephorus
845 1965 885 2004 in
906 1967 1023 2017 culpa
1042 1973 1111 2005 est.
1172 1968 1277 2005 Nam
1298 1974 1337 2006 et
1356 1966 1424 2017 qui
1444 1980 1596 2018 paeana
1685 1970 1696 1998 ἔ

1685 726 1696 877 l

1687 878 1696 939 ἒ

1687 953 1696 1086 5

1683 1123 1696 1262 ἰ

300 2080 320 2108 3
343 2075 547 2109 anapaestos
563 2070 652 2111 vulg.
669 2081 676 2101 ε
700 2075 888 2111 anapaesta
905 2070 1022 2102 FPO:
1045 2071 1203 2112 anapesti
1218 2071 1253 2102 A
1404 2083 1425 2112 4
1449 2072 1596 2112 legendo

255 2113 362 2144 AP12
386 2114 548 2152 eligendo
564 2113 718 2145 ΑῘΓΟΜΡ2
851 2123 871 2154 5
896 2125 940 2146 ex
956 2115 990 2145 A
1007 2126 1015 2146 z
1039 2115 1073 2145 in
1091 2114 1120 2145 L
1247 2126 1265 2155 7
1290 2115 1410 2152 ita,A:
1435 2117 1548 2157 itaque
1564 2115 1595 2146 L

261 2167 298 2197 15
323 2157 501 2188 iambicum
519 2156 548 2187 L
565 2169 571 2189 :
595 2157 741 2189 iambum
759 2157 906 2200 Stangl:
930 2158 1123 2198 ambiguum
1138 2158 1172 2189 A
1294 2161 1334 2190 16
1357 2160 1567 2192 orationisA
1587 2171 1596 2192 t

257 2201 401 2232 orationi
418 2201 502 2232 FO:
526 2202 652 2233 oratori
668 2201 743 2233 PM
872 2202 946 2234 fieri
970 2207 1006 2233 ut
1029 2203 1057 2234 is
1080 2201 1136 2234 L:
1169 2204 1303 2235 ratione
1325 2203 1359 2233 A
1556 2205 1596 2235 18

257 2246 347 2284 quod
375 2245 443 2275 AL
472 2245 561 2277 Non.
578 2257 585 2277 ε
624 2256 700 2276 cum
731 2245 868 2277 Ernesti
969 2247 1158 2287 dactylicus
1190 2245 1401 2279 A02FPM:
1440 2247 1596 2288 dactylus

260 2288 395 2319 O²Non.
417 2292 463 2329 (p.
484 2290 561 2330 142)
685 2300 724 2330 19
747 2291 1033 2322 accommodatior
1050 2290 1168 2322 FPO:
1192 2291 1438 2323 commodatior
1451 2291 1485 2322 A
1559 2296 1595 2331 et

257 2332 290 2362 A
308 2344 314 2363 :
339 2333 399 2363 sed
417 2332 446 2362 L
547 2343 585 2364 21
599 2338 677 2374 post
691 2335 782 2365 enim
800 2345 902 2375 usque
916 2334 964 2366 ad
979 2344 1041 2374 per
1055 2339 1212 2366 versetur
1231 2336 1327 2375 (231)
1343 2345 1410 2367 om.
1428 2335 1463 2366 A
1553 2345 1594 2375 24

257 2386 400 2415 quorum
418 2376 494 2408 add.
513 2376 703 2418 Heerdegen
858 2388 900 2418 25
924 2382 1057 2409 constet
1073 2402 1080 2410 .
1100 2402 1108 2410 .
1128 2402 1136 2410 .
1155 2378 1229 2409 fieri
1244 2377 1398 2411 Ernesti:
1422 2383 1596 2411 constaret

255 2417 264 2451 ’.
285 2443 292 2451 .
312 2443 319 2450 .
341 2420 438 2451 fieret
457 2421 484 2451 L
618 2431 659 2461 27
685 2426 719 2453 et
734 2420 764 2452 L
782 2433 790 2454 ε
813 2423 882 2454 secl.
902 2421 1100 2454 Manutius:
1124 2423 1156 2454 ei
1168 2422 1265 2462 Jahn
