1696 2730
166 168 273 208 2179
588 159 646 198 M.
686 159 858 197 TVLLI
897 159 1207 199 CICERONIS

167 277 209 306 80
228 272 439 322 appellant,
458 284 531 310 nos
547 271 796 322 propositum
812 285 1025 323 possumus
1040 271 1257 311 nominare.
1305 272 1436 312 Causa
1450 272 1566 313 certis
1671 306 1696 335 s

227 337 406 387 personis
426 337 524 376 locis
546 337 792 388 temporibus
812 337 1037 377 actionibus
1057 338 1225 389 negotiis
1245 338 1417 378 cernitur
1435 346 1504 377 aut
1523 337 1564 377 in

227 402 415 441 omnibus
441 410 510 441 aut
536 402 577 440 in
604 402 803 453 plerisque
823 416 971 452 eorum,
993 403 1241 454 propositum
1268 411 1401 442 autem
1427 411 1496 442 aut
1520 403 1563 442 in

225 467 360 518 aliquo
399 481 537 507 eorum
579 475 648 506 aut
693 467 733 506 in
778 467 956 518 pluribus
1001 482 1076 508 nec
1113 476 1248 508 tamen
1286 469 1327 507 in
1365 468 1559 508 maximis.

227 534 369 583 Itaque
402 533 651 584 propositum
685 547 773 584 pars
803 541 862 572 est
890 547 1043 572 causae.
1103 535 1182 573 Sed
1217 534 1347 573 omnis
1381 533 1563 585 quaestio
1583 544 1602 576 5

224 612 360 637 earum
375 598 508 649 aliqua
520 600 571 638 de
587 612 628 637 re
643 606 702 637 est
715 598 860 649 quibus
880 612 1023 637 causae
1038 599 1302 647 continentur,
1317 607 1385 638 aut
1401 613 1481 638 una
1495 606 1564 638 aut

163 675 200 704 81
224 663 402 714 pluribus
423 672 490 703 aut
510 678 592 704 non
613 678 832 715 numquam
854 664 1052 704 omnibus.
1112 665 1405 713 Quaestionum
1427 672 1562 704 autem

227 733 502 780 ‘quacumque
536 731 588 769 de
621 731 684 769 re'
718 737 810 768 sunt
843 731 925 768 duo
958 743 1125 780 genera:
1165 743 1291 768 unum
1325 729 1564 781 cognitionis

161 800 202 831 82
223 795 390 833 alterum
423 795 603 834 actionis.
675 794 926 846 Cognitionis
962 802 1053 833 sunt
1087 808 1157 833 eae
1187 808 1353 845 quarum
1385 802 1444 834 est
1472 795 1563 834 finis

222 859 397 908 scientia,
420 868 463 899 ut
484 860 516 899 si
537 868 747 911 quaeratur
766 874 790 899 a
809 868 1002 899 naturane
1028 859 1089 898 ius
1115 861 1337 910 profectum
1364 860 1413 899 sit
1438 874 1490 899 an
1509 861 1560 900 ab
1586 874 1624 896 10

221 925 354 975 aliqua
388 925 499 976 quasi
534 925 773 965 condicione
811 925 1021 964 hominum
1055 933 1094 964 et
1127 925 1322 975 pactione.
1381 925 1563 965 Actionis
1694 971 1696 980 a

222 998 354 1029 autem
385 991 502 1030 huius
532 991 643 1030 modi
672 993 853 1042 exempla
882 998 999 1030 sunt:
1043 991 1153 1030 Sitne
1182 991 1370 1042 sapientis
1398 992 1450 1031 ad
1478 1005 1562 1031 rem
1588 1030 1592 1034 .
1675 997 1696 1025 Ὗ

222 1055 424 1106 publicam
472 1058 674 1096 accedere.
750 1056 1001 1107 Cognitionis
1048 1056 1301 1106 quaestiones
1347 1056 1562 1107 tripertitae
1692 1062 1696 1065 '

222 1129 314 1160 sunt
328 1136 339 1170 3
367 1130 434 1160 aut
454 1121 556 1161 sitne
575 1129 643 1161 aut
663 1122 760 1172 quid
781 1121 830 1160 sit
849 1129 917 1160 aut
937 1123 1053 1172 quale
1073 1121 1123 1160 sit
1142 1121 1351 1172 quaeritur.
1402 1123 1562 1161 Horum

222 1186 394 1236 primum
433 1187 672 1235 coniectura,
710 1188 933 1227 secundum
979 1186 1226 1236 definitione,
1264 1187 1423 1226 tertium
1467 1186 1561 1227 iuris
1583 1198 1621 1230 15

222 1259 260 1291 et
298 1251 463 1291 iniuriae
501 1253 758 1292 distinctione
796 1252 1022 1303 explicatur.
1082 1252 1347 1292 Coniecturae
1383 1252 1483 1292 ratio
1520 1252 1562 1292 in

221 1324 408 1367 quattuor
427 1325 557 1368 partes
577 1317 787 1357 distributa
807 1325 876 1365 est,
895 1331 1062 1368 quarum
1082 1331 1162 1356 una
1176 1325 1235 1356 est
1255 1331 1347 1356 curn
1362 1318 1563 1368 quaeritur

221 1382 323 1421 sitne
349 1382 500 1433 aliquid
514 1398 525 1432 3
561 1385 683 1422 altera
709 1385 816 1422 unde
843 1390 973 1421 ortum
1001 1382 1049 1421 sit
1063 1397 1074 1431 3
1107 1382 1220 1421 tertia
1245 1396 1348 1433 quae
1374 1383 1415 1422 id
1441 1397 1562 1423 causa

220 1447 417 1497 effecerit3
460 1456 599 1498 quarta
632 1449 673 1486 in
707 1462 786 1499 qua
820 1450 870 1487 de
904 1448 1218 1487 commutatione
1256 1448 1311 1488 rei
1349 1449 1558 1500 quaeritur.

221 1512 331 1552 Sitne
370 1513 450 1553 sic:
494 1513 735 1564 ecquidnam
774 1513 823 1552 sit
861 1515 1085 1561 honestum,
1127 1513 1272 1564 ecquid
1309 1527 1482 1565 aequum
1520 1527 1562 1554 re
1583 1530 1623 1552 20

219 1592 335 1627 vera3
376 1592 427 1617 an
462 1580 561 1618 haec
596 1586 752 1618 tantum
791 1579 831 1617 in
865 1578 1056 1629 opinione
1091 1577 1214 1632 [sint].
1273 1580 1392 1619 Vnde
1425 1586 1560 1619 autem

220 1644 269 1682 sit
303 1651 458 1683 ortum:
501 1651 545 1682 ut
583 1657 675 1683 cum
714 1643 925 1694 quaeritur,
960 1651 1100 1682 natura
1131 1657 1183 1682 an
1217 1644 1398 1683 doctrina
1434 1645 1561 1696 possit

221 1708 322 1748 effici
356 1709 490 1749 virtus.
549 1710 681 1749 Causa
713 1717 846 1748 autem
880 1709 1054 1748 efficiens
1088 1709 1144 1748 sic
1173 1709 1382 1760 quaeritur,
1414 1710 1559 1761 quibus

150 1816 201 1844 22
220 1775 338 1813 rebus
358 1774 586 1825 eloquentia
606 1774 806 1813 efficiatur.
858 1776 921 1813 De
941 1774 1255 1814 commutatione
1275 1774 1354 1814 sic:
1383 1777 1561 1826 possitne

158 1868 199 1908 83
220 1840 449 1891 eloquentia
468 1839 782 1880 commutatione
801 1839 935 1890 aliqua
949 1839 1125 1879 converti
1139 1839 1181 1878 in
1196 1839 1412 1880 infantiam.
1454 1842 1559 1881 Cum
1580 1855 1621 1888 25

181 1901 187 1908 “
220 1913 354 1944 autem
376 1905 473 1956 quid
500 1905 549 1944 sit
576 1905 786 1956 quaeritur,
808 1905 920 1944 notio
940 1905 1175 1956 explicanda
1195 1913 1253 1944 est
1277 1913 1316 1944 et
1341 1906 1559 1957 proprietas

219 1979 258 2009 et
278 1970 420 2010 divisio
441 1978 479 2010 et
499 1971 668 2021 partitio.
729 1973 845 2010 Haec
865 1970 971 2009 enim
993 1977 1085 2009 sunt
1105 1970 1328 2009 definitioni
1347 1971 1534 2011 attributa
1548 1987 1559 2022 3

217 2036 377 2074 additur
410 2035 529 2074 etiam
563 2036 792 2087 descriptio,
821 2050 942 2087 quam
975 2038 1192 2088 χαρακτῆρα
1226 2035 1368 2075 Graeci
1400 2044 1556 2076 vocant.

218 2101 342 2141 Notio
380 2101 436 2140 sic
470 2102 691 2152 quaeritur:
736 2101 838 2140 sitne
871 2101 913 2140 id
946 2115 1119 2152 aequum
1154 2103 1264 2152 quod
1298 2101 1334 2140 ei
1367 2101 1435 2152 qui
1468 2104 1557 2153 plus

216 2174 348 2216 potest
368 2166 464 2206 utile
484 2174 553 2206 est.
605 2167 827 2218 Proprietas
848 2166 904 2206 sic
921 2182 928 2206 z
955 2167 995 2206 in
1015 2167 1274 2206 hominemne
1294 2169 1423 2206 solum
1438 2169 1557 2207 cadat
1578 2183 1620 2215 30

216 2245 266 2270 an
306 2231 425 2270 etiam
463 2231 504 2270 in
541 2232 679 2271 beluas
712 2231 929 2283 aegritudo.
991 2231 1146 2271 Divisio
1181 2239 1220 2271 et
1254 2233 1398 2271 eodem
1435 2240 1557 2283 pacto

259 2336 280 2365 8
302 2334 418 2366 suntd
428 2347 435 2366 :
459 2335 526 2366 sint
549 2335 641 2367 codd.
708 2345 839 2375 genera
863 2334 1045 2366 Friedrich:
1071 2345 1200 2375 genera
1215 2339 1295 2366 sunt
1311 2334 1400 2367 codd.
1515 2345 1559 2368 20

214 2378 380 2452 {ri'tnczssic
398 2378 558 2410 Friedrich
575 2390 582 2410 :
606 2380 649 2410 sit
666 2390 777 2411 necne
793 2379 838 2411 sit
852 2378 944 2411 codd.
964 2391 971 2411 ε
994 2379 1087 2411 sitne
1100 2389 1209 2410 necne
1225 2379 1270 2410 sit
1282 2379 1316 2409 A
1424 2389 1464 2410 21
1489 2380 1558 2412 sint
