1630 2730
123 146 181 194 65
205 164 266 197 232
561 148 618 187 M.
660 148 831 187 TVLLI
871 147 1181 188 CICERONIS

201 259 348 300 deinde
378 261 587 300 redeamus
618 262 670 300 ad
704 268 742 300 te
775 268 815 300 et
847 261 900 300 ad
934 260 1209 300 Hortensium.
1269 261 1403 299 Immo
1430 271 1534 305 vero,
1624 243 1630 317 J

201 327 376 377 inquam,
399 328 451 366 ad
482 326 770 375 Hortensium3
799 327 851 366 de
879 340 944 366 me
973 326 1038 365 alii
1067 326 1214 374 dicent,
1236 325 1268 364 si
1295 325 1363 376 qui
1389 326 1535 364 volent.
1626 324 1630 326 ’

201 392 372 431 Minime
401 406 505 440 vero,
528 392 666 443 inquit.
727 394 833 431 Nam
864 391 938 431 etsi
971 405 1036 431 me
1069 391 1183 431 facile
1217 391 1327 431 omni
1362 398 1432 430 tuo
1462 403 1539 429 ser-

199 471 320 497 mone
340 457 513 506 tenuisti‚
536 466 670 497 tamen
694 458 727 497 is
748 457 846 496 mihi
869 458 1027 509 longior
1045 457 1211 505 videtur,
1234 458 1344 508 quod
1366 469 1536 508 propero

198 523 335 562 audire
359 525 410 562 de
430 531 468 562 te
483 538 494 572 ς
523 537 597 563 nec
618 537 710 563 vero
731 530 813 562 tam
833 525 884 563 de
908 523 1118 562 virtutibus
1139 522 1302 562 dicendi
1322 522 1411 570 tuis,
1433 535 1535 573 quae
1555 530 1573 563 5

198 602 290 627 eum
311 588 498 628 omnibus
525 596 610 628 tum
637 596 743 628 certe
771 589 870 627 mihi
896 588 1127 628 notissimae
1151 595 1254 636 sunt,
1277 601 1399 638 quam
1425 589 1535 638 quod

197 655 341 703 gradus
362 661 451 693 tuos
471 662 510 694 et
537 654 649 705 quasi
678 668 887 705 processus
917 653 1079 693 dicendi
1109 655 1251 693 studeo
1280 666 1532 704 cognoscere.

113 729 176 762 233
198 721 375 767 Geretur‚
416 720 591 770 inquam,
638 720 711 759 tibi
756 733 854 768 mos,
909 719 1100 770 quoniam
1152 733 1216 758 me
1267 733 1350 758 non
1401 718 1535 770 ingeni

196 785 510 835 praedicatorem
549 799 634 825 esse
672 785 730 824 vis
769 786 840 824 sed
878 785 1023 824 laboris
1069 784 1158 824 mei.
1227 786 1378 824 Verum
1419 784 1535 824 inter-

197 864 357 901 ponam,
387 858 430 889 ut
458 853 597 902 placet,
629 851 727 890 alios
761 858 800 890 et
827 864 851 889 a
882 853 938 890 M.
971 852 1127 898 Crasso,
1159 849 1227 901 qui
1255 849 1329 889 fuit
1357 849 1533 901 aequalis
1555 861 1596 884 10

199 915 403 963 Hortensi,
426 916 615 955 exordiar.

115 980 175 1018 66
253 982 293 1019 Is
338 980 454 1031 igitur
495 981 747 1020 mediocriter
785 994 808 1019 a
846 980 1028 1020 doctrina
1064 980 1292 1029 instructus,
1329 979 1533 1031 angustius

195 1045 314 1084 etiam
341 1060 364 1085 a
393 1053 541 1093 natura,
570 1047 706 1086 labore
735 1053 774 1086 et
803 1046 997 1086 industria
1025 1053 1064 1085 et
1094 1047 1204 1097 quod
1234 1045 1453 1085 adhibebat
1481 1047 1533 1086 ad

195 1111 435 1164 obtinendas
461 1125 600 1150 causas
629 1125 764 1151 curam
794 1111 914 1151 etiam
946 1119 985 1151 et
1017 1111 1193 1163 gratiam,
1216 1111 1258 1150 in
1287 1110 1532 1162 principibus

194 1176 370 1227 patronis
410 1176 563 1227 aliquot
606 1190 734 1216 annos
779 1176 863 1216 fuit.
942 1178 991 1215 In
1029 1176 1146 1216 huius
1185 1176 1364 1216 oratione
1402 1189 1532 1216 sermo
1554 1191 1593 1224 ¹5

195 1241 361 1280 Latinus
387 1249 479 1291 erat,
502 1242 622 1281 verba
644 1256 727 1282 non
756 1242 923 1290 abiecta,
944 1255 1005 1281 res
1035 1242 1281 1293 compositae
1309 1241 1530 1293 diligenter,

194 1308 326 1346 nullus
353 1308 425 1347 flos
455 1315 589 1347 tamen
619 1321 750 1358 neque
780 1309 916 1347 lumen
944 1309 1081 1355 ullum,
1104 1307 1228 1346 animi
1248 1320 1401 1358 magna,
1422 1306 1531 1347 vocis

192 1385 313 1422 parva
342 1372 558 1421 contentio,
588 1373 831 1414 omniafere
863 1380 907 1412 ut
936 1372 1114 1412 similiter
1146 1380 1266 1424 atque
1295 1386 1378 1411 uno
1406 1373 1530 1412 modo

194 1437 428 1478 dicerentur.
489 1440 595 1478 Nam
627 1438 743 1478 huius
777 1438 954 1489 aequalis
988 1446 1027 1478 et
1057 1438 1241 1478 inimicus
1273 1439 1318 1479 C.
1355 1437 1531 1478 Fimbria

192 1517 275 1542 non
295 1503 349 1542 ita
369 1504 438 1543 diu
458 1503 601 1544 iactare
622 1518 663 1543 se
683 1504 812 1555 potuit
826 1519 836 1553 3
865 1504 934 1555 qui
954 1504 1090 1543 omnia
1109 1518 1254 1555 magna
1272 1517 1371 1544 voce
1391 1503 1529 1544 dicens
1550 1517 1593 1540 20

191 1569 403 1608 verborum
424 1583 519 1609 sane
540 1570 736 1608 bonorum
758 1583 875 1608 cursu
896 1571 1073 1620 quodam
1102 1569 1267 1609 incitato
1295 1569 1350 1608 ita
1374 1570 1530 1609 furebat

192 1641 338 1682 tamen,
369 1642 413 1674 ut
442 1635 624 1674 mirarere
653 1643 735 1674 tam
769 1634 864 1674 alias
893 1648 955 1675 res
980 1648 1095 1686 agere
1128 1637 1333 1686 populum,
1355 1642 1400 1674 ut
1428 1641 1531 1674 esset

107 1706 173 1739 ²34
192 1699 333 1739 insano
372 1700 473 1740 inter
511 1700 680 1740 disertos
711 1702 835 1739 locos.
907 1701 981 1740 Cn.
1014 1707 1148 1740 autem
1180 1702 1374 1740 Lentulus
1403 1701 1530 1740 multo

192 1765 383 1805 maiorem
410 1765 642 1816 opinionem
663 1765 825 1805 dicendi
854 1765 1011 1805 actione
1037 1765 1208 1806 faciebat
1231 1779 1352 1816 quam
1382 1773 1530 1817 quanta

192 1831 232 1869 in
253 1844 301 1870 eo
317 1833 482 1870 facultas
503 1838 586 1870 erat
598 1846 609 1880 3
640 1830 816 1882 quicum
833 1838 936 1871 esset
956 1845 1030 1871 nec
1046 1838 1270 1882 peracutus,
1285 1822 1528 1882 quamquam
1551 1844 1591 1878 ²5
1628 1859 1630 1861 -

192 1903 230 1935 et
250 1910 298 1935 ex
324 1896 423 1935 facie
450 1903 489 1935 et
515 1910 563 1936 ex
586 1898 696 1935 vultu
721 1896 940 1944 videbatur,
962 1910 1037 1936 nec
1064 1897 1274 1936 abundans
1293 1896 1435 1944 verbis,
1457 1896 1530 1936 etsi

190 1961 351 1999 fallebat
385 1961 426 1999 in
465 1975 513 2000 eo
547 1961 658 2012 ipso:
689 1961 744 2000 sic
775 1961 1000 2009 intervallis,
1032 1961 1398 2010 exclamationibus,
1432 1974 1530 2001 voce

191 2025 301 2064 suavi
321 2033 360 2064 et
380 2039 535 2074 canora,
559 2031 581 2066 Ἰ·
593 2026 830 2066 admirando
846 2030 869 2067 †
896 2026 1104 2074 inridebat,
1127 2027 1281 2066 calebat
1300 2025 1342 2065 in
1360 2027 1529 2077 agendo,

191 2098 234 2128 ut
255 2104 302 2130 ea
317 2104 419 2141 quae
439 2093 603 2131 deerant
623 2105 705 2130 non
722 2091 1050 2131 desiderarentur.
1097 2093 1174 2141 Ita,
1187 2099 1392 2142 tamquam
1408 2091 1530 2135 Curio

191 2155 307 2206 copia
332 2170 414 2195 non
435 2158 543 2195 nulla
562 2156 783 2205 verborum,
806 2158 917 2196 nullo
936 2156 1014 2195 alio
1035 2156 1158 2205 bono,
1176 2155 1303 2195 tenuit
1330 2163 1528 2196 oratorum
1548 2170 1590 2202 30
1628 2168 1630 2170 ·

186 2272 190 2275 ·
235 2260 277 2289 28
301 2260 501 2292 admirando
513 2261 683 2292 inridebat
695 2260 826 2292 calebat
844 2261 872 2292 L
888 2273 896 2293 ε
912 2261 1111 2292 admirando
1124 2271 1183 2292 ore
1194 2260 1358 2293 Fm'edm'ch
1373 2274 1381 2294 z
1398 2262 1530 2294 irretie-

191 2302 248 2333 bat
278 2302 424 2336 Scluat-2:
465 2304 685 2335 admirandus
717 2305 898 2336 incedebat
931 2304 1107 2346 [cedebat]
1132 2304 1292 2336 Martha:
1328 2306 1530 2338 admirando

193 2346 369 2377 irridendo
403 2347 531 2380 latebat
563 2347 777 2380 Lambinus:
815 2349 857 2380 ad
890 2348 1081 2380 mirandum
1113 2348 1287 2381 illicitabat
1317 2349 1362 2381 ita
1401 2350 1530 2382 calebat

193 2389 345 2431 Madvig,
365 2391 425 2422 alii
438 2392 504 2423 alia
