1696 2730
173 176 227 214 80
249 184 309 226 ³7⁶
448 210 451 211 γ
628 178 685 216 Μ.
725 178 895 216 TVLLI
935 177 1246 217 CICERONIS

162 1543 223 1585 278

248 290 369 339 paulo
398 296 491 328 ante
520 287 673 328 dictum
703 288 753 328 sit
781 288 854 328 tria
877 288 1002 328 videri
1031 302 1117 328 esse
1141 302 1243 339 quae
1273 295 1404 328 orator
1434 288 1587 328 efficere

246 355 420 402 deberet,
443 362 486 393 ut
509 355 681 403 doceret,
704 362 747 394 ut
773 356 996 403 delectaret,
1020 362 1063 393 ut
1087 361 1289 393 moveret:
1329 355 1411 393 duo
1431 367 1587 394 summe

245 420 384 468 tenuit,
415 428 458 459 ut
491 428 530 460 et
563 434 646 460 rem
684 420 894 459 illustraret
924 420 1158 459 disserendo
1187 427 1227 459 et
1259 419 1415 458 animos
1448 433 1586 459 eorum

246 486 314 536 qui
347 485 530 525 audirent
558 485 776 525 devinciret
806 475 1033 537 voluptate3
1075 486 1211 525 aberat
1241 485 1355 524 tertia
1392 484 1458 524 illa
1487 486 1584 534 laus,

246 565 325 602 qua
367 559 615 603 permoveret
649 559 769 602 atque
802 551 983 591 incitaret
1015 551 1182 599 animos,
1216 564 1337 602 quam
1370 549 1585 602 plurimum
1607 565 1624 597 5

245 619 394 668 pollere
424 617 595 657 diximus
609 632 620 666 5
660 631 734 656 nec
765 625 847 656 erat
880 618 961 656 ulla
990 617 1048 656 vis
1081 625 1202 668 atque
1232 615 1464 656 contentio:
1505 615 1586 656 sive

245 683 423 731 consilio,
464 684 573 733 quod
612 696 692 731 θος,
733 696 902 733 quorum
944 682 1060 722 altior
1097 682 1222 721 oratio
1260 682 1446 733 actioque
1483 689 1586 721 esset

244 748 454 796 ardentior,
495 750 621 788 furere
662 756 782 799 atque
827 748 1013 787 bacchari
1053 747 1315 796 arbitraretur,
1356 747 1438 787 sive
1475 748 1586 798 quod

245 821 384 853 natura
409 828 491 853 non
520 821 624 853 esset
652 813 707 852 ita
735 815 861 852 factus
890 813 972 853 sive
1001 814 1111 865 quod
1137 827 1219 852 non
1246 820 1477 852 consuesset
1503 812 1585 852 sive

245 881 355 930 quod
375 894 457 919 non
477 887 623 919 nosset.
681 881 775 918 Hoc
794 893 920 918 unum
940 878 1006 927 illi,
1029 878 1062 918 si
1081 879 1180 917 nihil
1200 878 1377 918 utilitatis
1397 879 1585 928 habebat,
1606 890 1647 912 ¹0

243 945 341 984 afuit
356 961 367 995 3
407 945 439 984 si
468 959 569 996 opus
598 952 694 994 erat,
722 944 859 984 defuit.
920 944 1029 995 Quin
1062 944 1182 984 etiam
1214 943 1390 993 memini,
1419 958 1513 984 cum
1543 944 1585 983 in

243 1010 497 1050 accusatione
526 1024 597 1049 sua
624 1011 673 1060 Q.
698 1010 828 1050 Gallio
857 1010 1011 1049 crimini
1041 1010 1217 1050 dedisset
1245 1010 1321 1050 sibi
1349 1023 1442 1049 eum
1470 1023 1586 1050 vene-

244 1090 340 1115 num
371 1075 569 1127 paravisse
599 1075 722 1126 idque
752 1090 775 1115 a
805 1089 847 1115 se
878 1090 965 1115 esse
993 1077 1233 1126 deprensum
1266 1089 1432 1126 seseque
1461 1075 1585 1115 chiro-

243 1143 391 1193 grapha
421 1141 718 1181 testificationes
756 1142 904 1181 indicia
934 1142 1188 1193 quaestiones
1219 1141 1469 1181 manifestam
1499 1155 1582 1181 rem
1694 1189 1696 1191 ι

243 1209 394 1247 deferre
417 1207 566 1247 diceret
592 1209 724 1258 deque
749 1221 798 1247 eo
824 1207 989 1247 crimine
1017 1215 1199 1247 accurate
1225 1215 1264 1247 et
1289 1207 1482 1259 exquisite
1507 1207 1584 1247 dis·
1605 1220 1643 1254 ³5

243 1273 469 1324 putavisset,
501 1287 565 1312 me
594 1272 635 1311 in
664 1274 957 1324 respondendo,
990 1287 1082 1313 cum
1112 1287 1240 1313 essem
1273 1281 1581 1324 argumentatus,

244 1346 438 1390 quantum
466 1352 527 1378 res
557 1338 718 1387 ferebat,
750 1340 827 1378 hoc
859 1339 990 1390 ipsum
1020 1339 1139 1378 etiam
1168 1338 1348 1390 posuisse
1377 1352 1449 1390 pro
1476 1353 1586 1390 argu-

244 1412 392 1453 mento,
407 1406 518 1455 quod
537 1404 612 1453 ille,
635 1418 727 1444 curn
748 1412 901 1456 pestem
922 1404 1061 1456 capitis
1082 1404 1152 1452 sui,
1168 1419 1260 1444 cum
1280 1404 1429 1444 indicia
1448 1405 1584 1444 mortis

244 1484 285 1510 se
305 1469 546 1521 comperisse
568 1469 777 1510 manifesto
804 1478 843 1510 et
869 1484 990 1509 manu
1017 1479 1151 1510 tenere
1171 1470 1331 1519 diceret,
1354 1478 1435 1510 tam
1455 1473 1584 1511 solute

244 1536 396 1587 egisset,
426 1543 507 1575 tam
536 1536 687 1584 leniter,
710 1544 791 1575 tam
821 1536 1044 1576 oscitanter.
1104 1538 1192 1575 ‘Tu
1221 1536 1334 1585 istuc,
1358 1538 1415 1576 M.
1439 1537 1581 1586 Calidi,
1604 1545 1646 1569 ²0

243 1601 319 1641 nisi
347 1603 526 1653 fingeres,
558 1601 614 1641 sic
646 1604 813 1652 ageres?
858 1602 1088 1653 praesertim
1123 1615 1214 1641 cum
1248 1602 1323 1641 ista
1355 1602 1584 1654 eloquentia

242 1667 462 1707 alienorum
501 1667 711 1707 hominum
750 1667 925 1719 pericula
962 1668 1178 1707 defendere
1214 1667 1404 1707 acerrime
1441 1670 1580 1717 soleas,

244 1741 358 1772 tuum
378 1735 635 1785 neglegeres?
690 1733 771 1772 Vbi
791 1734 938 1773 dolor?
977 1733 1046 1773 ubi
1074 1735 1192 1773 ardor
1218 1733 1352 1782 animi,
1375 1733 1443 1785 qui
1463 1734 1583 1774 etiam

243 1813 290 1838 ex
310 1799 520 1838 infantium
541 1799 708 1851 ingeniis
729 1799 870 1839 elicere
889 1813 1007 1839 voces
1028 1807 1067 1839 et
1087 1801 1266 1850 querelas
1286 1801 1416 1839 solet?
1462 1801 1583 1839 Nulla

242 1865 486 1915 perturbatio
513 1865 647 1913 animi,
672 1867 782 1904 nulla
809 1865 996 1917 corporis,
1027 1879 1109 1904 non
1137 1866 1245 1905 frons
1273 1879 1470 1917 percussa,
1499 1879 1582 1905 non
1604 1873 1642 1907 ²5

243 1931 394 1978 femur3
424 1930 549 1981 pedis,
572 1932 681 1981 quod
702 1930 912 1970 minimum
939 1938 1012 1980 est,
1031 1933 1140 1970 nulla
1166 1931 1380 1983 supplosio.
1441 1933 1583 1983 Itaque

244 2003 398 2034 tantum
422 1995 519 2034 afuit
551 2003 594 2034 ut
622 1996 888 2036 inflammares
918 2005 1074 2036 nostros
1100 1996 1265 2046 animos,
1295 2011 1481 2036 somnum
1507 1997 1584 2037 isto

244 2062 333 2100 loco
358 2060 420 2099 vix
444 2062 703 2100 tenebamus.'
760 2062 825 2101 Sic
853 2076 926 2102 nos
958 2062 1104 2101 summi
1133 2063 1298 2102 oratoris
1326 2064 1389 2103 vel
1417 2063 1584 2103 sanitate

243 2128 305 2165 vel
334 2126 428 2165 vitio
458 2140 529 2177 pro
557 2134 791 2178 argumento
819 2129 871 2166 ad
901 2127 1136 2167 diluendum
1166 2127 1317 2168 crimen
1345 2128 1406 2168 usi
1434 2142 1582 2168 sumus.

288 2243 307 2270 4
333 2232 532 2264 devinceret
548 2231 598 2265 L:
624 2243 705 2265 corr.
725 2233 826 2265 M²G²
995 2244 1015 2274 5
1041 2239 1144 2274 atque
1169 2233 1284 2265 FOG:
1309 2238 1345 2265 et
1363 2234 1393 2266 C
1545 2244 1586 2266 10

246 2281 361 2307 nosset
377 2276 542 2307 Friedrich
558 2287 565 2307 ε
590 2282 707 2316 posset
723 2275 754 2307 L
868 2287 907 2307 12
931 2277 1063 2309 crimini
1080 2278 1169 2318 vulg.
1187 2289 1195 2309 :
1219 2278 1363 2308 crimine
1378 2277 1409 2308 L
1545 2288 1584 2319 15

245 2318 362 2350 differe
388 2318 417 2349 L
433 2332 440 2351 :
464 2330 545 2352 corr.
563 2319 618 2350 Μ2
765 2321 804 2351 18
828 2320 972 2353 insidias
987 2322 1108 2352 mortis
1126 2322 1245 2352 maluit
1259 2321 1391 2362 Kayser
1545 2332 1585 2362 19

247 2363 454 2401 comperisse
472 2374 514 2395 m.
534 2369 569 2394 et
585 2365 655 2396 secl.
675 2364 851 2395 Eberhard
1003 2375 1041 2396 21
1067 2375 1144 2396 cum
1158 2364 1189 2395 L
1299 2375 1430 2396 summa
1447 2364 1585 2398 Martha

246 2407 447 2445 praesertim
466 2407 533 2438 ista
549 2409 744 2448 eloquentia
759 2420 766 2439 :
790 2418 864 2439 cum
882 2408 1071 2440 Lambinus
1277 2419 1319 2440 22
1342 2409 1454 2441 soleas
1470 2410 1558 2452 vulg.
1577 2421 1584 2441 :

245 2450 337 2480 soles
354 2449 384 2479 L
533 2461 574 2491 25
599 2462 668 2482 non
686 2452 782 2483 frons
801 2451 937 2492 Quintil.
955 2453 1005 2484 xi.
1021 2462 1055 2492 3.
1074 2462 1135 2492 123
1150 2463 1158 2484 :
1180 2452 1277 2485 frons
1292 2463 1363 2484 non
1379 2452 1410 2484 L
1541 2463 1583 2494 27

246 2493 342 2530 abest
360 2493 497 2533 Quintil.
