1696 2730
170 154 222 195 25
240 162 286 196 94
601 148 658 186 M.
698 148 869 186 TVLLI
908 148 1218 188 CICERONIS

177 274 219 305 95
239 259 493 311 impudenter
522 261 669 300 Caesar
698 269 835 301 contra
865 263 1062 302 Catonem
1091 275 1237 301 meum.
1297 261 1376 300 Sed
1402 273 1505 311 quae
1531 274 1577 300 ex

239 333 343 364 statu
370 325 575 365 contentio
595 326 770 375 efficitur,
793 341 882 366 eam
903 328 1046 367 Graeci
1072 329 1285 379 κρινόμενον
1303 334 1459 374 vocant,
1480 325 1578 364 mihi

239 392 369 441 placet
394 391 446 440 id,
470 391 660 442 quoniam
681 392 844 443 quidem
864 394 983 448 ad'te
1002 393 1146 442 scribo,
1167 405 1250 438 QVA
1270 404 1326 430 DE
1347 404 1402 430 RE
1421 403 1579 430 AGITVR

238 456 381 496 vocari.
442 456 599 506 Quibus
619 465 752 497 autem
774 459 851 497 hoc
872 472 951 509 qua
977 459 1027 497 de
1054 472 1094 497 re
1121 458 1248 509 agitur
1275 456 1510 504 continetur,
1533 469 1580 496 ea

239 521 485 560 continentia
510 530 712 570 vocentur,
736 523 848 574 quasi
875 525 1125 563 firmamenta
1150 522 1405 570 defensionis,
1434 521 1579 573 quibus
1599 534 1617 566 5

239 586 404 626 sublatis
437 587 618 627 defensio
652 589 761 627 nulla
793 588 853 628 sit.
912 590 991 628 Sed
1025 589 1215 639 quoniam
1245 590 1331 639 lege
1360 586 1510 626 firmius
1538 586 1579 625 in

239 652 515 692 controversiis
536 652 807 704 disceptandis
828 668 914 694 esse
934 654 1033 693 nihil
1059 655 1191 703 debet,
1214 655 1348 694 danda
1374 660 1443 709 est·
1459 665 1580 703 opera

238 725 282 756 ut
315 719 442 769 legem
481 718 715 758 adiutricem
750 727 789 758 et
827 727 971 759 testem
1008 719 1283 759 adhibeamus.
1343 719 1393 757 In
1426 731 1506 768 qua
1538 730 1579 757 re

239 783 305 822 alii
334 783 447 834 quasi
476 792 600 823 status
634 784 827 824 exsistunt
861 785 965 833 novi,
998 787 1069 824 sed
1103 786 1352 836 appellentur
1380 782 1579 834 legitimae

1691 348 1696 354 ,
1688 317 1696 333 s.
1675 0 1696 306 “fassum-...nunu

177 854 220 897 96
239 848 559 900 disceptationes.
618 851 724 888 Tum
746 850 853 889 enim
881 850 1110 890 defenditur
1135 863 1218 889 non
1238 849 1279 888 id
1299 850 1426 900 legem
1447 847 1579 888 dicere
1601 865 1639 889 10

239 915 350 964 quod
369 914 614 953 adversarius
635 915 739 963 velit,
763 917 833 954 sed
853 915 973 954 aliud.
1034 917 1083 955 Id
1104 922 1238 954 autem
1259 913 1464 964 contingit,
1486 927 1579 952 eum

238 979 429 1030 scriptum
448 979 680 1030 ambiguum
701 988 771 1028 est,
790 988 832 1019 ut
848 982 951 1020 duae
972 980 1192 1019 sententiae
1207 979 1433 1019 differentes
1452 978 1579 1030 accipi

238 1044 402 1096 possint.
472 1046 578 1084 Tum
618 1046 833 1096 opponitur
878 1046 1025 1097 scripto
1062 1047 1246 1085 voluntas
1285 1043 1494 1095 scriptoris,
1535 1051 1579 1083 ut

239 1118 449 1161 quaeratur
467 1111 640 1150 verbane
667 1113 755 1162 plus
781 1125 834 1150 an
860 1111 1057 1151 sententia
1077 1113 1206 1150 valere
1227 1111 1411 1150 debeant.
1469 1111 1575 1148 Tum

239 1175 316 1227 legi
354 1177 416 1215 lex
453 1176 649 1215 contraria
685 1178 870 1216 adfertur.
931 1179 1014 1216 Ista
1051 1184 1143 1216 sunt
1188 1176 1261 1215 tria
1296 1189 1441 1227 genera
1473 1188 1576 1225 quae
1597 1190 1637 1223 15

241 1241 551 1281 controversiam
578 1242 618 1280 in
645 1242 756 1282 omni
785 1243 931 1294 scripto
960 1244 1088 1282 facere
1117 1242 1293 1294 possint:
1331 1240 1574 1291 ambiguum,

168 1307 224 1345 26
242 1306 508 1358 discrepantia
545 1307 679 1358 scripti
716 1315 755 1347 et
788 1308 1015 1357 voluntatis,
1048 1308 1193 1359 scripta
1226 1306 1430 1347 contraria.
1490 1307 1577 1345 Iam

241 1373 319 1411 hoc
347 1372 600 1423 perspicuum
630 1381 699 1421 est,
729 1386 811 1412 non
840 1373 964 1424 magis
993 1373 1034 1412 in
1062 1373 1216 1424 legibus
1246 1386 1366 1423 quam
1394 1372 1437 1410 in
1465 1378 1579 1410 testa-

240 1437 396 1486 mentis,
418 1437 459 1476 in
479 1438 813 1489 stipulationibus,
836 1439 876 1477 in
903 1438 1063 1489 reliquis
1084 1439 1202 1477 rebus
1229 1451 1332 1489 quae
1358 1451 1405 1476 ex
1431 1436 1577 1488 scripto

238 1511 420 1554 aguntur,
459 1517 576 1554 posse
616 1504 901 1543 controversias
944 1505 1105 1543 easdem
1149 1503 1344 1543 exsistere.
1417 1504 1576 1541 Horum
1598 1518 1639 1541 20
1693 1556 1696 1557 γ

177 1572 220 1607 97
239 1568 491 1607 tractationes
511 1568 551 1607 in
566 1569 652 1607 aliis
672 1569 780 1608 libris
800 1570 1054 1620 explicantur.
1109 1571 1196 1608 Nec
1216 1570 1343 1608 solum
1365 1575 1578 1619 perpetuae

238 1633 416 1673 actiones
443 1635 513 1673 sed
534 1633 653 1673 etiam
680 1642 810 1685 partes
838 1634 1026 1674 orationis
1053 1635 1180 1674 isdem
1207 1634 1305 1674 locis
1330 1633 1576 1682 adiuvantur,

238 1699 381 1750 partim
405 1699 572 1750 propriis
599 1699 741 1750 partim
768 1700 1051 1740 communibus
1065 1715 1075 1749 3
1114 1708 1157 1739 ut
1183 1700 1223 1738 in
1251 1698 1465 1751 principiis,
1497 1698 1580 1749 qui-

240 1765 314 1803 bus
348 1772 392 1803 ut
426 1765 621 1813 benevoli,
653 1773 697 1804 ut
735 1766 897 1814 dociles,
932 1774 975 1805 ut
1013 1765 1154 1805 attenti
1188 1765 1267 1804 sint
1300 1764 1368 1816 qui
1401 1763 1576 1812 audiant,

240 1829 493 1869 efficiendum
523 1838 582 1869 est
611 1830 778 1882 propriis
807 1831 905 1871 locis
920 1846 930 1880 3
978 1831 1154 1882 itemque
1183 1830 1426 1869 narrationes
1455 1837 1498 1868 ut
1525 1830 1579 1868 ad
1599 1844 1636 1875 25

241 1909 334 1934 suos
368 1897 467 1934 fines
502 1904 693 1946 spectent,
731 1896 772 1937 id
805 1905 864 1936 est
898 1905 941 1936 ut
975 1899 1118 1948 planae
1152 1896 1241 1945 sint,
1277 1903 1322 1934 ut
1354 1895 1505 1943 breves,
1536 1902 1579 1934 ut

240 1960 456 2009 evidentes,
487 1969 530 2000 ut
564 1962 785 2011 credibiles,
822 1970 865 2002 ut
899 1964 1138 2011 moderatae,
1172 1970 1215 2000 ut
1248 1975 1340 2001 curn
1374 1960 1576 2011 dignitate.

241 2028 357 2076 Quae
377 2040 620 2077 quamquam
645 2027 686 2066 in
707 2036 790 2068 tota
809 2028 987 2068 oratione
1008 2042 1094 2067 esse
1115 2028 1274 2075 debent,
1297 2025 1421 2077 magis
1445 2033 1578 2065 tamen

179 2099 220 2141 98
241 2099 332 2130 sunt
360 2091 518 2142 propria
546 2093 742 2132 narrandi.
803 2095 918 2143 Quae
944 2101 1077 2132 autem
1109 2092 1285 2144 sequitur
1314 2090 1578 2130 narrationem

241 2157 350 2204 fides,
374 2170 421 2195 ea
446 2159 726 2208 persuadendo
754 2159 945 2209 quoniam
972 2158 1148 2206 efficitur,
1172 2157 1240 2208 qui
1265 2158 1318 2196 ad
1343 2158 1580 2208 persuaden-
1597 2172 1639 2204 30

241 2223 337 2261 dum
367 2222 444 2261 loci
474 2223 644 2262 maxime
669 2226 827 2263 valeant
856 2224 1008 2264 dictum
1038 2231 1097 2263 est
1126 2223 1166 2262 in
1197 2223 1254 2262 eis
1282 2222 1324 2261 in
1352 2221 1498 2273 quibus
1527 2223 1578 2262 de

286 2335 306 2355 2
329 2330 454 2357 vocant
477 2325 592 2358 codd:
617 2327 792 2368 appellant
818 2327 852 2358 A
872 2338 880 2358 t
901 2327 971 2359 secl.
998 2326 1161 2358 Fn‘edn'ch
1293 2337 1314 2365 4
1337 2325 1452 2357 vocari
1466 2325 1578 2357 codd.:

241 2379 366 2400 vocare
392 2370 557 2401 Friedrich
702 2380 740 2410 15
773 2371 839 2402 ista
868 2370 1022 2411 OA²mfz
1062 2371 1109 2402 ita
1134 2369 1223 2402 codd.
1371 2370 1410 2400 16
1434 2374 1579 2409 possunt

245 2411 304 2451 Ose
435 2423 477 2453 23
500 2414 622 2453 quibus
638 2415 706 2446 secl.
724 2415 889 2446 Friedrich
1014 2426 1054 2455 27
1081 2414 1275 2446 moderatae
1292 2413 1381 2444 codd.
1398 2427 1405 2446 :
1429 2419 1579 2445 moratae

243 2455 314 2487 edd.
334 2460 405 2487 vett.
541 2467 584 2498 29
608 2459 828 2499 consequitur
841 2458 903 2499 Af
1025 2468 1062 2498 31
1089 2458 1142 2489 his
1154 2456 1266 2489 codd:
1291 2458 1319 2489 is
1334 2457 1393 2496 As
