1696 2730
698 119 916 158 BRVTVS
1415 117 1470 167 84
1491 135 1556 169 290

143 231 352 280 dicturum,
375 233 486 271 locus
505 231 547 270 in
562 231 756 271 subselliis
776 238 1002 283 occupetur,
1020 232 1265 282 compleatur
1285 231 1467 279 tribunal,

142 296 301 347 gratiosi
338 296 489 336 scribae
527 296 605 336 sint
642 296 683 335 in
721 298 857 336 dando
895 304 934 335 et
972 297 1155 336 cedendo
1186 298 1287 344 loco,
1323 310 1471 335 corona

143 362 357 413 multiplex,
390 362 509 401 iudex
538 369 691 401 erectus
705 377 716 411 3
753 376 845 400 cum
879 370 1010 412 surgat
1038 361 1070 401 is
1100 361 1168 413 qui
1197 361 1373 401 dicturus
1408 362 1468 409 sit,

142 427 382 478 significetur
399 441 424 466 a
446 441 594 466 corona
618 427 830 475 silentium,
853 427 999 467 deinde
1026 428 1185 466 crebrae
1208 426 1468 474 assensiones,

105 508 123 540 5
142 494 290 531 multae
326 492 608 532 admirationes
622 508 633 541 5
671 492 771 531 risus
809 506 902 532 cum
940 492 1043 541 velit,
1077 506 1170 531 cum
1203 492 1297 532 velit
1331 494 1470 531 fletus:

142 565 186 596 ut
214 557 282 608 qui
310 559 409 597 haee
432 559 570 609 procul
595 557 740 606 videat,
767 558 884 597 etiarn
910 558 943 597 si
966 558 1064 609 quid
1089 566 1226 609 agatur
1249 557 1410 606 nesciat,
1431 565 1471 596 at

141 624 296 674 placere
316 631 449 662 tamen
473 631 511 662 et
531 623 572 662 in
595 637 739 663 scaena
762 637 847 663 esse
869 624 1061 663 Roscium
1084 623 1295 674 intellegat.
1356 625 1471 662 Haec

142 688 207 728 cui
243 689 484 740 contingant,
525 702 616 728 eum
655 688 754 728 scito
792 689 925 728 Attice
963 689 1105 738 dicere,
1145 697 1189 728 ut
1226 690 1277 728 de
1322 688 1472 727 Pericle

141 754 336 802 audimus,
358 762 402 793 ut
428 755 479 794 de
507 754 724 806 Hyperide,
747 762 790 794 ut
815 755 866 794 de
885 755 1096 803 Aeschine,
1119 756 1171 795 de
1197 755 1284 806 ipso
1308 754 1471 805 quidem

85 836 124 858 10
145 821 419 859 Demosthene
445 819 625 859 maxime.
689 820 759 859 Sin
777 828 910 859 autern
930 828 1091 860 acutum
1111 822 1285 872 prudens
1306 828 1344 859 et
1364 820 1471 859 idem
1493 833 1554 867 291

143 884 339 924 sincerum
360 893 399 924 et
424 885 596 924 solidum
617 893 656 924 et
675 885 916 924 exsiccatum
941 900 1066 937 genus
1090 886 1278 926 orationis
1302 886 1473 937 probant

143 964 218 989 nec
246 950 314 989 illo
341 950 517 1000 graviore
546 958 687 990 ornatu
714 951 884 990 oratorio
910 959 1075 990 utuntur
1100 959 1139 991 et
1162 953 1240 990 hoc
1269 951 1472 1002 proprium

142 1029 229 1054 esse
260 1015 484 1055 Atticorum
516 1017 665 1063 volunt,
699 1024 805 1055 recte
835 1018 1009 1056 laudant.
1070 1018 1142 1056 Est
1172 1016 1278 1056 enim
1318 1016 1358 1055 in
1391 1024 1473 1055 arte

143 1088 252 1120 tanta
282 1089 444 1132 tamque
474 1081 580 1120 varia
613 1081 733 1120 etiam
764 1081 857 1120 huic
895 1081 1072 1121 minutae
1105 1081 1311 1121 subtilitati
1348 1083 1470 1121 locus.

87 1160 124 1193 15
145 1148 207 1185 Ita
226 1147 292 1185 fiet
318 1155 362 1185 ut
386 1159 468 1185 non
483 1159 634 1194 omnes,
653 1146 721 1197 qui
740 1147 884 1194 Attice,
905 1147 1012 1186 idem
1035 1148 1148 1195 bene,
1166 1148 1237 1186 sed
1257 1155 1299 1186 ut
1319 1160 1471 1194 omneS,

143 1212 212 1263 qui
230 1212 344 1259 bene,
366 1211 474 1251 idern
501 1211 620 1250 etiarn
639 1211 773 1251 Attice
799 1212 943 1251 dicant.
1004 1214 1083 1252 Sed
1107 1214 1315 1252 redeamus
1341 1225 1472 1251 rursus

142 1279 193 1317 ad
215 1277 487 1317 Hortensium.

197 1344 300 1382 Sane
315 1342 489 1394 quidem,
504 1342 632 1394 inquit
654 1345 798 1382 Brutus
813 1358 823 1392 3
850 1357 1092 1394 quamquam
1108 1343 1181 1383 ista
1202 1343 1298 1382 mihi
1314 1351 1381 1382 tua
1400 1342 1473 1382 fuit

143 1409 389 1460 periucunda
415 1423 439 1448 a
467 1409 669 1460 proposita
698 1409 876 1449 oratione
903 1409 1102 1460 digressio.
1161 1412 1267 1449 Turn
1292 1409 1472 1449 Atticus:

86 1491 126 1514 ιο
143 1474 395 1525 Aliquotiens
424 1489 524 1523 sum,
560 1474 700 1526 inquit,
740 1483 919 1523 conatus,
954 1476 1025 1515 sed
1064 1475 1312 1527 interpellare
1350 1474 1471 1514 nolui.

145 1541 264 1579 Nunc
285 1539 474 1590 quoniam
500 1540 579 1579 iam
598 1541 651 1579 ad
677 1541 943 1591 perorandum
970 1549 1147 1592 spectare
1167 1540 1321 1580 videtur
1344 1554 1474 1579 sermo

144 1612 245 1653 tuuS,
268 1605 410 1652 dicam,
433 1605 585 1656 opinor,
614 1607 724 1655 quod
751 1605 890 1645 sentio.
949 1608 1012 1645 Tu
1038 1620 1142 1654 vero,
1172 1605 1346 1656 inquam,
1369 1605 1471 1645 Tite.

144 1672 251 1709 Tum
282 1670 371 1709 ille:
416 1672 515 1721 Ego,
554 1670 694 1721 inquit,
727 1670 894 1709 ironiam
933 1671 1041 1710 illam
1079 1684 1199 1721 quam
1234 1670 1275 1709 in
1314 1672 1475 1710 Socrate

145 1736 283 1775 dicunt
302 1735 435 1783 fuisse,
448 1749 528 1786 qua
543 1735 607 1775 ille
627 1735 667 1774 in
683 1736 861 1775 Platonis
877 1744 915 1775 et
931 1735 1211 1787 Xenophontis
1231 1744 1270 1775 et
1285 1736 1476 1775 Aeschini

88 1815 126 1848 ²5
145 1801 252 1840 libris
291 1800 420 1848 utitur,
462 1802 629 1840 facetam
669 1809 708 1840 et
745 1803 965 1851 elegantem
1004 1809 1111 1852 puto.
1183 1803 1255 1840 Est
1292 1801 1399 1841 enim
1437 1809 1476 1841 et

145 1866 308 1905 minime
341 1865 465 1917 inepti
496 1865 668 1905 hominis
699 1874 738 1905 et
769 1866 948 1906 eiusdem
981 1866 1100 1906 etiam
1133 1866 1258 1914 faceti,
1295 1880 1387 1906 cum
1425 1869 1476 1907 de

145 1931 337 1982 sapientia
356 1931 608 1982 disceptetur,
627 1932 730 1971 hanc
751 1931 826 1971 sibi
846 1931 976 1983 ipsum
997 1932 1217 1981 detrahere,
1230 1931 1285 1971 eis
1306 1931 1476 1972 tribuere

145 1997 407 2045 inludentem,
445 1997 513 2047 qui
551 2010 638 2036 eam
677 1996 752 2036 sibi
789 1998 992 2048 adrogant,
1033 2004 1077 2036 ut
1115 1998 1224 2048 apud
1267 1999 1476 2036 Platonem

147 2064 327 2103 Socrates
366 2062 407 2100 in
445 2063 598 2101 caelum
632 2063 742 2102 effert
776 2062 960 2102 laudibus
992 2064 1247 2114 Protagoram
1282 2062 1476 2114 Hippiam

87 2146 131 2179 30
148 2127 361 2167 Prodicum
375 2127 562 2177 Gorgiam
579 2135 745 2176 ceteros,
757 2141 799 2166 se
814 2135 946 2167 autem
963 2127 1143 2168 omnium
1158 2142 1287 2167 rerum
1308 2127 1477 2167 inscium

148 2193 259 2243 fingit
281 2200 320 2232 et
344 2193 495 2232 rudem.
557 2195 684 2233 Decet
715 2194 793 2232 hoc
827 2192 962 2232 nescio
988 2206 1069 2243 quo
1097 2194 1219 2233 modo
1248 2193 1370 2241 illum,
1404 2207 1478 2232 nec

1492 1308 1543 1355 85

1494 1378 1556 1410 292

190 2309 234 2330 20
257 2302 399 2329 conatus
424 2297 472 2331 L:
507 2298 695 2330 concitatus
719 2298 769 2328 vel
788 2301 974 2328 commotus
995 2296 1169 2328 Eberhard
1253 2307 1292 2328 21
1319 2297 1384 2328 iam
1407 2297 1475 2329 secl.

147 2353 213 2373 non
232 2342 317 2372 nulli
429 2351 472 2373 22
494 2342 571 2373 Tite
588 2341 620 2372 F
619 2340 701 2372 OG:
726 2341 839 2372 Attice
857 2341 886 2372 C
1003 2351 1043 2380 27
1069 2341 1279 2381 disceptetur
1294 2340 1323 2371 L
1339 2353 1346 2372 :
1371 2341 1479 2372 disce·

149 2390 264 2426 ptatur
279 2384 366 2418 codd.
386 2385 446 2417 det.
553 2386 596 2416 28
619 2386 784 2426 adrogant
802 2384 833 2415 F
832 2384 914 2415 OG:
939 2385 1078 2425 adigant
1096 2384 1142 2416 C:
1166 2385 1335 2426 adrogent
1350 2385 1485 2416 Ernesti
