1630 2730
132 178 179 216 16
201 184 242 226 63
518 179 575 218 M.
607 179 777 217 TVLLI
807 178 1118 219 CICERONIS

200 300 238 331 et
274 290 411 331 Mucia
448 292 534 342 lege
571 290 712 342 repetit
750 292 1057 341 Syracusas—et
1095 291 1271 341 quodam
1315 291 1438 330 modo
1477 297 1576 330 est
1605 296 1613 299 ²

198 371 280 397 non
310 359 418 397 nulla
441 357 482 395 in
512 356 567 396 eis
594 356 713 395 etiam
740 355 842 395 inter
867 356 974 407 ipsos
1001 356 1232 395 similitudo.
1290 355 1411 395 Acuti
1430 363 1536 404 sunt,

199 425 397 474 elegantes
428 422 545 462 faceti
576 423 714 461 breves
729 436 739 470 ;
782 423 853 461 sed
883 421 949 460 ille
981 423 1157 461 Graecus
1190 422 1242 460 ab
1276 421 1387 461 omni
1417 422 1536 461 laude

135 491 177 533 64
198 488 357 527 felicior.
418 488 557 526 Habet
594 487 701 526 enim
736 486 956 525 certos-sui
990 486 1202 535 studiosos,
1236 486 1305 537 qui
1339 500 1422 526 non
1454 494 1535 525 tam

198 554 357 592 habitus
396 552 570 604 corporis
609 551 766 603 opimos
805 565 925 602 quam
963 552 1200 603 gracilitates
1243 560 1534 601 consectentur,
1555 567 1572 599 5

197 633 310 670 quos,
346 620 533 658 valetudo
572 619 695 657 modo
735 618 842 656 bona
879 617 938 665 sit,
976 617 1147 656 tenuitas
1186 617 1272 668 ipsa
1310 619 1538 657 delectat—

197 698 441 735 quamquam
470 684 511 722 in
542 683 659 734 Lysia
688 690 781 722 sunt
812 696 930 733 saepe
961 682 1081 721 etiam
1107 682 1253 730 lacerti,
1282 682 1338 722 sic
1367 682 1425 722 uti
1453 683 1538 723 fieri

197 750 294 788 nihil
324 749 448 800 possit
477 748 671 788 valentius
687 764 697 797 3
725 761 862 787 verum
892 756 951 787 est
980 755 1086 787 certe
1114 761 1258 799 genere
1287 756 1373 788 toto
1402 748 1538 800 strigo-

197 815 274 854 sior
293 837 356 863 -,
381 816 451 854 sed
472 815 593 853 habet
613 822 748 853 tamen
769 827 861 852 suos
882 815 1118 861 laudatores,
1141 813 1210 864 qui
1237 815 1312 853 hac
1338 813 1425 864 ipsa
1450 813 1535 853 eius

134 866 177 948 27
196 881 413 920 subtilitate
432 881 653 920 admodum
673 880 884 930 gaudeant.
945 879 1142 919 Catonem
1163 892 1256 917 vero
1277 878 1365 930 quis
1385 887 1536 919 nostro·
1556 893 1598 917 ιο

159 926 177 957 ⁵
196 960 282 985 rum
304 954 515 993 oratorum,
538 945 606 995 qui
626 944 790 995 quidem
817 958 924 983 nunc
951 951 1054 992 sunt,
1076 943 1201 994 legit?
1228 951 1296 983 aut
1316 944 1405 995 quis
1426 945 1536 984 novit

196 1012 395 1050 omnino?
450 1012 504 1049 At
525 1024 645 1061 quern
666 1010 803 1057 virum,
827 1009 868 1048 di
888 1009 985 1048 boni
1003 1012 1010 1048 Σ
1041 1009 1156 1048 mitto
1177 1009 1305 1049 civem
1331 1017 1400 1049 aut
1426 1024 1537 1050 sena-

196 1086 321 1116 torem
338 1084 405 1115 aut
421 1076 698 1127 imperatOrem
714 1090 725 1124 3
753 1082 949 1114 oratorem
966 1074 1073 1114 enim
1089 1076 1167 1114 hoc
1183 1077 1273 1114 loco
1289 1075 1534 1126 quaerimus:

197 1143 284 1193 quis
305 1142 372 1182 illo
399 1141 552 1193 gravior
575 1141 615 1179 in
642 1142 876 1180 laudando?
904 1140 1083 1180 acerbior
1108 1140 1149 1179 in
1173 1140 1465 1191 vituperando?
1492 1140 1534 1180 in

197 1208 401 1248 sententiis
431 1206 634 1258 argutIOr?
672 1206 713 1245 in
742 1207 928 1245 docendo
958 1206 1296 1256 edisserendoque
1324 1206 1534 1246 subtilior?
1555 1220 1599 1252 15:

198 1275 382 1313 Refertae
403 1280 495 1312 sunt
515 1271 714 1311 orationes
733 1271 903 1323 amplius
930 1280 1091 1311 centum
1112 1272 1415 1323 quinquaginta,
1435 1286 1534 1323 quas

196 1339 360 1390 quidem
389 1339 522 1377 adhuc
551 1337 770 1377 invenerim
798 1344 837 1376 et
864 1336 1039 1388 legerim,
1058 1344 1098 1376 et
1117 1337 1246 1377 verbis
1270 1345 1309 1376 et
1335 1337 1453 1376 rebus
1479 1337 1536 1376 in-

197 1404 396 1444 lustribus.
456 1403 569 1442 Licet
597 1417 645 1442 ex
671 1403 732 1441 his
761 1402 907 1453 eligant
934 1416 981 1442 ea
1003 1416 1107 1453 quae
1130 1402 1337 1442 notatione
1356 1410 1396 1442 et
1415 1404 1535 1442 laude

197 1470 318 1521 digna
355 1469 456 1508 sint:
498 1482 638 1508 omnes
676 1468 869 1508 oratoriae
907 1467 1070 1507 virtutes
1108 1468 1149 1507 in
1183 1468 1239 1508 eis
1278 1469 1531 1520 reperientur.

134 1536 178 1568 66
199 1538 286 1575 Iam
305 1549 399 1574 vero
420 1534 602 1585 Origines
632 1533 716 1573 eius
742 1547 863 1584 quem
893 1535 1030 1573 florem
1057 1542 1126 1573 aut
1151 1535 1263 1585 quod
1291 1535 1427 1573 lumen
1456 1536 1534 1574 elo-
1554 1545 1596 1568 ²0
1624 1523 1630 1566 Ῑ

197 1600 384 1651 quentiae
404 1613 486 1639 non
506 1600 688 1639 habent?
744 1601 954 1639 Amatores
976 1599 1069 1638 huic
1089 1601 1245 1648 desunt,
1264 1599 1380 1639 sicuti
1400 1599 1534 1639 multis

197 1667 275 1705 iam
301 1674 395 1705 ante
424 1664 591 1704 saeculis
621 1672 661 1703 et
686 1664 852 1703 Philisto
885 1665 1093 1715 Syracusio
1122 1673 1161 1704 et
1188 1664 1262 1715 ipsi
1290 1665 1532 1715 Thucydidi.

198 1734 303 1771 Nam
323 1739 367 1770 ut
387 1732 529 1770 horum
552 1730 721 1769 concisis
743 1730 959 1778 sententiis,
975 1730 1176 1769 interdum
1196 1730 1315 1770 etiam
1337 1744 1419 1770 non
1439 1730 1534 1770 satis

198 1795 366 1851 [autem]
395 1795 540 1847 apertis
572 1809 664 1834 cum
696 1794 887 1835 brevitate
916 1803 1001 1835 tum
1032 1795 1157 1835 nimio
1185 1795 1381 1844 acumine,
1412 1796 1534 1836 officit

197 1865 487 1913 Theopompus
507 1862 678 1901 elatione
698 1869 818 1912 atque
843 1861 1054 1900 altitudine
1079 1861 1267 1900 orationis
1291 1875 1385 1901 suae
1405 1861 1533 1913 <quod
1553 1876 1592 1908 25
1626 1888 1630 1899 ,.

197 1928 304 1967 idem
326 1928 466 1978 Lysiae
495 1926 807 1978 Demosthenes)
829 1927 884 1966 sic
906 1926 1071 1967 Catonis
1095 1926 1313 1966 luminibus
1339 1927 1534 1967 obstruxit

135 1993 177 2035 67
198 1995 296 2032 haec
317 1992 579 2044 posteriorum
601 1991 713 2043 quasi
733 2000 963 2043 exaggerata
982 1991 1098 2031 altius
1118 1992 1256 2031 oratio.
1313 1993 1394 2032 Sed
1419 2006 1467 2032 ea
1491 1992 1532 2031 in

198 2059 341 2098 nostris
368 2058 523 2098 inscitia
549 2066 619 2106 est,
642 2059 751 2108 quod
777 2058 817 2096 hi
846 2058 932 2109 ipsi,
955 2057 1023 2108 qui
1046 2057 1087 2096 in
1109 2057 1271 2097 Graecis
1298 2057 1534 2108 antiquitate

198 2126 445 2164 delectantur
464 2137 590 2174 eaque
610 2123 836 2171 subtilitate,
860 2137 980 2174 quam
999 2122 1175 2162 Atticam
1194 2124 1407 2174 appellant,
1429 2124 1533 2162 hanc

199 2189 240 2228 in
261 2190 416 2229 Catone
436 2203 486 2228 ne
507 2196 701 2227 noverunt
724 2188 900 2239 quidem.
959 2187 1190 2239 Hyperidae
1216 2190 1355 2227 volunt
1381 2202 1467 2228 esse
1494 2196 1534 2228 et
1552 2200 1592 2232 30
1617 2183 1630 2218 'ss

136 2261 181 2294 68
201 2254 352 2306 Lysiae.
412 2255 565 2293 Laudo.
623 2255 703 2294 Sed
723 2268 792 2293 cur
811 2256 953 2293 nolunt
973 2255 1180 2294 Catones?
1235 2253 1370 2293 Attico
1388 2267 1534 2305 genere

245 2370 263 2400 7
288 2359 336 2390 uti
354 2357 500 2398 Stangl:
524 2362 560 2388 ut
577 2362 610 2388 et
627 2357 714 2389 codd.
730 2369 736 2388 :
761 2362 794 2388 et
810 2358 881 2390 secl.
901 2357 970 2389 edd.
1136 2367 1177 2397 24
1201 2362 1313 2388 autem
1330 2358 1399 2390 secl.
1418 2358 1508 2399 vulg.
1524 2369 1532 2389 :

200 2404 373 2434 interdum
391 2407 505 2432 autem
523 2412 592 2432 non
610 2403 692 2433 satis
710 2402 849 2433 Martha
953 2401 1067 2433 effecit
1084 2402 1207 2432 maluit
1232 2401 1359 2433 schum
1489 2411 1531 2441 25

199 2447 292 2487 quod
319 2471 326 2478 .
347 2471 354 2477 .
374 2470 381 2477 .
415 2445 666 2476 Demosthenes
695 2446 764 2477 secl.
793 2445 919 2476 Schdtz
1161 2455 1201 2484 27
1226 2456 1267 2477 ea
1293 2445 1403 2477 Bake:
1438 2449 1474 2478 et
1501 2444 1532 2478 L

198 2501 243 2531 30
268 2501 312 2522 ne
329 2489 442 2531 vulga
467 2499 533 2520 non
553 2489 580 2519 L
725 2499 765 2529 31
790 2490 943 2521 Catones
958 2489 1069 2530 vukgn:
1094 2488 1238 2521 Catonis
1254 2489 1283 2520 L
