1630 2730
108 170 150 208 13
169 175 211 208 50
541 160 597 198 M.
629 160 799 198 TVLLI
829 159 1139 200 CICERONIS

169 273 328 312 dulcem
349 272 460 311 illum
480 272 644 324 quidem
664 271 782 311 tradit
803 274 1018 320 Homerus,
1040 273 1112 312 sed
1138 285 1266 324 pauca
1288 272 1500 312 dicentem.

170 337 347 377 Brevitas
376 345 510 377 autem
539 339 624 377 laus
653 345 712 377 est
741 338 941 377 interdum
964 337 1005 376 in
1030 337 1163 388 aliqua
1190 345 1300 389 parte
1329 338 1502 387 dicendi,

110 422 147 454 51
169 403 210 442 in
238 404 420 443 universa
449 403 678 454 eloquentia
705 405 865 443 laudem
894 417 976 443 non
1005 404 1136 443 habet.
1195 406 1249 443 At
1275 418 1368 444 vero
1397 411 1505 443 extra

170 469 379 509 Graeciam
414 483 558 520 magna
595 469 757 509 dicendi
788 469 919 508 studia
948 471 1106 508 fuerunt
1140 469 1381 520 maximique
1410 469 1503 509 huic

169 535 278 575 laudi
297 535 422 574 habiti
446 537 617 575 honores
645 535 808 575 inlustre
829 543 1028 575 oratorum
1056 548 1205 574 nomen
1231 535 1500 575 reddiderunt.
1524 542 1542 575 5

171 603 277 640 Nam
306 609 349 640 ut
378 603 501 641 semel
530 615 552 641 e
582 601 721 641 Piraeo
747 602 976 652 eloquentia
1001 610 1139 642 evecta
1166 610 1236 650 est,
1264 602 1395 642 omnis
1421 614 1505 652 per-

170 666 318 718 agravit
348 667 495 706 insulas
533 674 653 718 atque
687 667 741 706 ita
772 668 1019 718 peregrinata
1046 676 1130 707 tota
1158 667 1255 707 Asia
1287 675 1358 716 est,
1390 675 1434 706 ut
1462 680 1506 706 se

172 732 341 771 externis
375 732 570 772 oblineret
603 733 780 772 moribus
814 747 1057 784 omnemque
1095 733 1202 772 illam
1234 732 1505 773 salubritatem

171 798 329 837 Atticae
349 798 535 838 dictionis
557 806 595 838 et
615 798 727 849 quasi
748 799 957 838 sanitatem
981 801 1163 850 perderet
1182 813 1229 838 ac
1248 799 1359 850 loqui
1378 811 1506 849 paene

173 864 405 904 dedisceret.
467 864 577 903 Hinc
597 864 762 903 Asiatici
792 873 966 904 oratores
995 879 1078 904 non
1108 864 1395 904 contemnendi
1423 863 1507 915 qui·
1529 873 1568 896 10

173 930 267 968 dem
298 944 373 970 nec
404 930 603 970 celeritate
634 944 708 969 nec
739 930 866 981 copia,
895 932 966 969 sed
996 944 1134 981 parum
1166 930 1290 981 pressi
1318 937 1357 970 et
1388 929 1506 969 nimis

113 1012 153 1043 5²
174 996 443 1034 redundantes
457 1010 468 1044 3
498 995 650 1035 Rhodii
669 995 843 1035 saniores
864 1003 902 1035 et
921 995 1144 1035 Atticorum
1167 995 1385 1035 similiores.
1427 996 1507 1035 Sed

174 1062 224 1099 de
246 1060 407 1100 Graecis
427 1062 620 1100 hactenus
633 1076 644 1110 3
674 1060 821 1100 etenim
845 1063 944 1101 haec
963 1061 1049 1113 ipsa
1074 1061 1236 1101 forsitan
1256 1060 1400 1101 fuerint
1423 1074 1506 1101 non

172 1126 402 1165 necessaria.

226 1194 333 1231 Turn
361 1195 529 1232 Brutus:
561 1194 643 1232 Ista
670 1207 775 1242 vero,
803 1193 943 1245 inquit,
965 1207 1086 1244 quam
1114 1193 1336 1233 necessaria
1363 1192 1508 1233 fuerint
1530 1201 1568 1234 15
1614 1220 1616 1222 v

173 1271 255 1297 non
270 1258 384 1298 facile
399 1259 564 1298 dixerim
579 1274 588 1307 3
618 1258 793 1298 iucunda
808 1267 913 1298 certe
933 1259 1030 1298 mihi
1049 1257 1207 1298 fuerunt
1226 1273 1358 1310 neque
1377 1260 1507 1298 solum

175 1338 256 1363 non
285 1326 414 1375 longa,
437 1326 508 1364 sed
537 1325 656 1364 etiam
686 1325 866 1364 breviora
894 1339 1014 1376 quam
1040 1327 1195 1364 vellem.
1254 1324 1430 1376 Optime,
1451 1325 1508 1364 in-

174 1403 307 1440 quam,
329 1392 400 1430 sed
420 1391 625 1430 veniamus
645 1392 697 1430 ad
718 1398 884 1439 nostros,
907 1392 958 1430 de
978 1391 1123 1442 quibus
1150 1390 1310 1430 difficile
1336 1398 1396 1430 est
1418 1392 1507 1442 plus

110 1490 156 1529 14
174 1454 400 1507 intellegere
429 1470 550 1507 quam
579 1464 774 1507 quantum
803 1471 851 1497 ex
880 1456 1151 1496 monumentis
1185 1455 1375 1507 suspicari
1403 1456 1505 1495 licet.

113 1553 156 1586 53
177 1521 278 1571 Quis
299 1522 406 1561 enim
432 1530 544 1574 putet
569 1530 637 1562 aut
660 1523 901 1562 celeritatem
927 1522 1061 1573 ingeni
1082 1524 1125 1562 L.
1149 1525 1274 1562 Bruto
1293 1522 1349 1561 illi
1369 1522 1509 1562 nobili·
1530 1533 1570 1556 20

176 1586 266 1626 tatis
295 1595 446 1626 vestrae
474 1587 643 1639 principi
672 1588 874 1628 defuisse?
914 1588 982 1639 qui
1011 1589 1062 1627 de
1091 1596 1215 1627 matre
1244 1587 1434 1627 savianda
1461 1601 1509 1627 ex

177 1654 337 1692 oraculo
375 1653 573 1704 Apollinis
621 1661 702 1692 tam
748 1661 865 1693 acute
902 1661 1118 1705 arguteque
1155 1653 1369 1693 coniecerit
1383 1668 1393 1702 3
1440 1652 1509 1704 qui

178 1732 375 1757 summam
413 1718 666 1769 prudentiam
711 1718 962 1759 simulatione
1006 1719 1194 1759 stultitiae
1232 1718 1370 1758 texerit
1383 1734 1394 1768 3
1441 1718 1510 1770 qui

177 1783 497 1834 potentissimum
526 1798 658 1836 regem
688 1784 893 1824 clarissimi
921 1784 1021 1835 regis
1048 1785 1173 1824 filium
1201 1784 1392 1836 expulerit
1420 1784 1512 1824 civi-

177 1857 379 1900 tatemque
399 1857 591 1900 perpetuo
607 1850 815 1889 dominatu
835 1850 1040 1890 liberatam
1061 1850 1351 1902 magistratibus
1366 1850 1509 1890 annuis
1530 1862 1569 1896 25

177 1915 329 1965 legibus
356 1915 593 1966 iudiciisque
619 1915 838 1955 devinxerit
851 1931 862 1965 3
890 1915 958 1966 qui
985 1918 1174 1967 conlegae
1200 1930 1274 1955 suo
1298 1915 1510 1967 imperium

176 1981 432 2031 abrogaverit,
451 1988 493 2020 ut
513 1995 535 2020 e
555 1981 712 2020 civitate
731 1981 870 2032 regalis
889 1981 1062 2020 nominis
1083 1981 1315 2021 memoriam
1331 1983 1486 2021 tolleret
1502 1997 1510 2020 :

177 2047 286 2096 quod
302 2053 407 2085 certe
423 2046 523 2085 effici
544 2060 625 2085 non
645 2046 849 2097 potuisset,
864 2046 939 2086 nisi
955 2054 1058 2086 esset
1073 2047 1251 2086 oratione
1265 2060 1510 2098 persuasum.-

119 2131 161 2164 54
177 2111 373 2150 Videmus
393 2111 488 2150 item
509 2111 646 2162 paucis
671 2111 785 2151 annis
809 2120 900 2163 post
925 2125 1035 2162 reges
1061 2119 1233 2160 exactos,
1255 2125 1347 2151 cum
1372 2113 1510 2163 plebes

178 2190 302 2228 prope
340 2176 465 2228 ripam
504 2176 673 2216 Anionis
711 2178 762 2217 ad
801 2177 959 2216 tertium
1007 2176 1218 2216 miliarium
1265 2177 1514 2218 consedisset
1531 2189 1572 2221 30

220 2282 241 2311 8
265 2280 435 2312 oblineret
451 2281 538 2322 vulg.
556 2293 563 2312 ε
587 2280 758 2312 obtineret
776 2281 829 2312 O:
852 2281 1028 2321 optineret
1044 2280 1133 2313 codd.
1310 2291 1349 2321 13
1373 2282 1512 2314 suerunt

180 2323 324 2355 GBHM
431 2335 474 2356 20
496 2329 553 2356 aut
568 2325 636 2356 secl.
654 2324 781 2356 Piderit
810 2332 812 2334 ’
847 2325 977 2365 ingenii
1001 2329 1058 2356 aut
1074 2325 1305 2365 eloquentiam
1322 2325 1514 2358 Lambinus

121 2403 123 2405 ¹
177 2377 220 2407 23
245 2368 369 2399 texerit
385 2373 444 2400 aut
460 2368 692 2408 eloquentiam
709 2368 834 2400 Schfitz
921 2369 977 2408 qui
994 2368 1039 2399 G²
1055 2380 1062 2400 :
1085 2379 1172 2409 quae
1184 2369 1235 2401 F:
1258 2379 1323 2410 que
1336 2369 1383 2401 0²
1398 2374 1490 2402 vetus
1503 2382 1516 2402 τ

176 2422 276 2452 quem
292 2411 381 2443 codd.
473 2422 516 2452 30
531 2412 679 2444 Anionis
699 2411 759 2444 G²:
782 2412 928 2444 Anienis
947 2411 1040 2444 0¹6¹
1056 2424 1063 2444 :
1085 2413 1243 2445 Aneonis
1258 2413 1346 2446 codd.
