1696 2730
297 169 373 208 DE
403 168 625 209 OPTIMO
655 169 888 208 GENERE
919 167 1244 208 ORATORVM
1414 179 1440 218 5
1462 185 1502 217 14

108 277 242 317 formis
265 285 469 328 tamquam
499 276 642 328 figuris,
663 277 793 316 verbis
822 278 873 316 ad
902 284 1077 316 nostram
1106 277 1438 317 consuetudinem

107 342 218 393 aptis.
278 344 327 381 In
361 342 505 393 quibus
538 338 620 381 non
653 343 818 381 verbum
856 355 928 392 pro
961 342 1083 381 verbo
1120 356 1282 382 necesse
1316 342 1439 381 habui

107 408 281 455 reddere,
304 409 375 447 sed
403 421 527 458 genus
556 421 677 446 omne
704 407 914 446 verborum
934 407 1095 458 vimque
1123 408 1283 446 servavi.
1343 410 1438 447 Non

106 472 213 512 enim
242 486 289 512 ea
316 486 380 512 me
407 474 668 512 adnumerare
695 473 831 511 lectori
860 472 994 524 putavi
1023 482 1214 524 oportere,
1245 475 1316 513 sed
1345 482 1441 513 tam-

69 554 87 585 5
106 551 226 589 quam
246 539 481 589 appendere.
533 538 614 577 Hic
633 538 746 577 labor
765 551 876 577 meus
897 539 974 577 hoc
993 540 1243 589 adsequetur,
1258 546 1301 577 ut
1317 538 1439 578 nostri
1462 551 1500 583 15

107 603 290 642 homines
310 602 406 654 quid
434 603 486 642 ab
514 603 588 642 illis
617 603 784 654 exigant,
806 603 874 654 qui
904 617 946 642 se
972 603 1127 643 Atticos
1147 605 1295 652 volunt,
1319 612 1358 643 et
1386 607 1439 644 ad

107 681 227 719 quam
265 682 334 708 eos
372 668 485 719 quasi
522 670 731 707 formulam
770 669 931 709 dicendi
973 677 1159 709 revocent
1196 669 1435 720 intellegant.

111 734 211 773 ‘Sed
231 733 425 773 exorietur
443 733 700 783 Thucydides
715 748 726 783 5
754 733 838 772 eius
859 733 966 773 enim
986 733 1148 785 quidam
1169 735 1438 784 eloquentiam

106 798 373 838 admirantur!
429 800 479 838 Id
499 798 662 850 quidem
681 806 811 848 recte3
839 800 910 838 sed
929 799 1027 838 nihil
1052 801 1103 839 ad
1130 813 1221 838 eum
1243 806 1439 839 oratorem

49 877 87 900 ιο
107 878 227 915 quem
247 864 482 915 quaerimus.
540 864 662 903 Aliud
691 872 750 903 est
769 864 875 904 enim
905 864 1098 916 explicare
1118 878 1178 903 res
1206 871 1335 915 gestas
1355 877 1441 902 nar·

109 931 245 978 rando,
266 929 374 969 aliud
403 931 716 980 argumentando
745 929 942 968 criminari
970 930 1169 969 crimenve
1198 929 1413 969 dissolvere
1429 945 1439 978 3

106 994 215 1034 aliud
248 1002 470 1034 narrantem
510 1002 644 1034 tenere
685 995 918 1044 auditorem,
951 994 1059 1034 aliud
1093 995 1302 1034 concitare.
1364 997 1440 1034 ‘At

108 1060 282 1111 loquitur
300 1061 487 1111 pulchre.'
544 1061 653 1099 Num
680 1060 820 1099 melius
848 1074 967 1111 quam
989 1061 1132 1099 Plato?
1188 1061 1362 1099 Necesse
1383 1067 1441 1099 est
1463 1063 1501 1095 16

112 1133 245 1164 tamen
291 1125 435 1164 oratori
481 1139 601 1176 quem
646 1125 870 1176 quaerimus
918 1124 1203 1165 controversias
1248 1124 1442 1175 explicare

50 1203 89 1235 ¹5
109 1191 275 1230 forensis
295 1191 455 1230 dicendi
474 1205 618 1242 genere
636 1199 730 1242 apto
750 1192 801 1230 ad
821 1192 1061 1237 docendum,
1079 1191 1131 1229 ad
1145 1191 1441 1238 delectandum,

110 1257 162 1295 ad
187 1258 511 1308 permovendum.
571 1257 663 1305 Qua
689 1269 729 1295 re
756 1255 788 1294 si
814 1255 902 1306 quis
929 1255 1000 1294 erit
1021 1254 1089 1306 qui
1113 1268 1154 1294 se
1174 1254 1440 1304 Thucydideo
1459 1257 1487 1294 6

110 1335 252 1373 genere
272 1336 409 1361 causas
430 1321 470 1360 in
490 1323 576 1360 foro
605 1321 803 1361 dicturum
824 1333 910 1360 esse
938 1321 1180 1371 profiteatur,
1200 1319 1232 1358 is
1258 1319 1442 1358 abhorre-

108 1384 166 1424 bit
201 1384 319 1423 etiam
348 1398 372 1423 a
400 1384 625 1435 suspicione
658 1384 741 1422 eius
772 1384 882 1434 quod
913 1390 1087 1422 versatur
1119 1382 1159 1420 in
1191 1395 1232 1421 re
1265 1381 1368 1420 civili
1402 1389 1441 1420 et

111 1450 280 1498 forensi;
323 1449 383 1489 sin
411 1449 690 1500 Thucydidem
721 1448 909 1496 laudabit,
944 1447 1113 1487 ascribat
1143 1461 1237 1486 suae
1266 1454 1439 1486 nostram

22 1556 27 1558 ,
51 1534 92 1557 ιο
110 1515 356 1554 sententiam.
418 1515 526 1564 Quin
556 1515 686 1566 ipsum
716 1516 944 1562 Isocratem,
973 1527 1092 1564 quem
1122 1513 1278 1552 divinus
1304 1519 1443 1551 auctor
1465 1524 1501 1558 ¹7

111 1581 225 1619 Plato
245 1593 358 1619 suum
381 1581 460 1619 fere
485 1581 691 1630 aequalem
711 1579 994 1619 admirabiliter
1020 1579 1060 1617 in
1082 1579 1264 1617 Phaedro
1290 1577 1442 1617 laudari

110 1645 202 1685 fecit
221 1646 273 1685 ab
302 1647 462 1685 Socrate
491 1658 692 1696 quemque
720 1658 859 1683 omnes
880 1644 988 1684 docti
1018 1657 1218 1683 summum
1245 1650 1440 1682 oratorem

110 1725 196 1750 esse
215 1711 407 1759 dixerunt,
430 1718 563 1750 tamen
592 1711 700 1749 hunc
720 1710 759 1748 in
786 1723 995 1749 numerum
1017 1722 1098 1748 non
1125 1722 1285 1759 repono.
1346 1710 1440 1747 Non

110 1776 215 1816 enim
247 1776 287 1815 in
321 1776 406 1815 acie
438 1783 612 1815 versatur
644 1789 718 1814 nec
752 1777 864 1822 ferro,
901 1776 971 1814 sed
1005 1774 1117 1825 quasi
1155 1773 1320 1813 rudibus
1358 1773 1441 1813 eius

7 1846 89 1894 ξιξ,
109 1842 232 1881 eludit
252 1841 388 1881 oratio.
448 1843 485 1880 A
506 1855 569 1880 me
595 1848 740 1888 autem,
764 1848 807 1879 ut
835 1854 926 1880 curn
957 1839 1136 1878 maximis
1166 1839 1331 1878 minima
1350 1852 1442 1878 con-

109 1909 244 1956 seram,
266 1906 527 1959 gladiatorum
557 1920 627 1957 par
655 1905 944 1945 nobilissimum
975 1905 1184 1953 inducitur,
1208 1903 1438 1952 Aeschines,

109 1980 311 2023 tamquam
341 1971 594 2019 Aeserninus,
626 1978 669 2010 ut
697 1970 751 2009 ait
782 1970 968 2018 Lucilius,
999 1983 1080 2008 non
1110 1983 1274 2020 spurcus
1301 1971 1437 2017 homo,

155 2087 169 2108 1
195 2082 362 2117 tamquam
381 2076 470 2107 codd.
486 2088 493 2107 ε
516 2080 618 2116 atque
632 2075 771 2106 Hedicke
864 2085 884 2114 3
905 2084 1005 2106 omne
1019 2074 1265 2114 Hieronymus:
1288 2072 1441 2103 omnium

108 2121 197 2152 codd.
316 2130 336 2160 5
361 2121 567 2159 adsequetur
583 2119 785 2150 Ascensius:
808 2118 1008 2158 adsequitur
1022 2117 1111 2149 codd.
1226 2117 1246 2147 8
1270 2117 1444 2147 exorietur

111 2163 192 2197 GP:
223 2165 375 2195 exoritur
398 2163 485 2194 codd.
511 2163 585 2195 dett.
610 2167 639 2194 et
659 2162 707 2194 ed.
735 2162 886 2194 Norimb.
1051 2172 1073 2201 9
1095 2160 1308 2191 admirantur
1328 2160 1443 2200 vulg:

108 2209 292 2239 admiratur
311 2207 375 2239 GP
498 2217 536 2237 12
559 2207 731 2238 concitare
746 2206 878 2237 Aldus:
902 2205 1130 2236 concitantem
1146 2203 1237 2235 codd.
1402 2213 1441 2241 14

109 2252 280 2292 explicare
299 2251 434 2282 Aldus:
464 2250 691 2290 explicantem
715 2248 796 2281 GP:
823 2260 868 2280 an
889 2249 1116 2289 explicantem
1138 2272 1146 2279 .
1174 2271 1183 2279 .
1210 2271 1218 2279 .
1242 2256 1368 2285 genere
1393 2247 1440 2277 uti
1496 2252 1497 2255 ’

108 2297 208 2335 apto?
239 2295 399 2326 Friedrich
523 2295 561 2325 18
584 2295 674 2334 quod
689 2293 839 2324 Ernesti:
863 2303 950 2333 quae
967 2292 1055 2324 codd.
1187 2301 1227 2330 19
1250 2290 1301 2321 sin
1321 2289 1443 2321 Orelli:

109 2339 136 2369 si
157 2337 237 2370 GP:
263 2339 329 2380 (et)
347 2338 403 2379 qui
421 2338 510 2369 codd.
529 2337 603 2370 dett.
714 2347 755 2368 22
780 2337 870 2368 docti
887 2346 1054 2367 summum
1070 2335 1159 2376 vulg.
1178 2346 1186 2366 ε
1209 2333 1441 2365 doctissimum

107 2382 198 2414 codd.
331 2392 372 2421 24
397 2392 460 2414 nec
481 2382 571 2413 ferro
591 2381 793 2413 Hermann:
817 2385 851 2411 et
871 2380 960 2412 ferro
985 2379 1063 2411 GP:
1098 2383 1132 2410 et
1157 2378 1228 2410 soro
1252 2377 1340 2409 codd.
1363 2377 1437 2408 dett.

109 2426 170 2457 sed
187 2426 284 2466 quasi
299 2426 388 2467 vulg.
405 2437 413 2457 :
436 2430 471 2457 et
487 2425 581 2466 quasi
601 2424 663 2455 GP
839 2425 882 2455 26
904 2423 1099 2454 Aeschines
1116 2432 1191 2454 cum
1211 2421 1443 2453 Demosthene

108 2468 232 2501 Schdtz
399 2479 450 2509 ι27
475 2475 512 2500 ut
527 2468 574 2501 ait
593 2467 741 2500 Lucilius
755 2468 824 2500 secl.
846 2467 1006 2499 Fm'cdn'ch
