1630 2730
647 163 866 202 BRVTVS
1367 166 1422 205 26
1444 178 1503 202 101

90 274 200 322 illud,
222 276 293 314 sed
321 273 458 314 maiori
486 273 588 314 filiae
616 274 868 322 detulisse-‚
891 273 923 313 is
944 281 1078 313 tamen
1103 273 1283 314 instituto
1313 274 1423 314 Laeli

90 339 323 379 Panaetium
360 339 573 379 audiverat.
651 340 747 379 Eius
784 340 914 380 omnis
956 340 997 378 in
1041 340 1215 379 dicendo
1258 341 1422 379 facultas

90 404 252 444 historia
271 405 393 456 ipsius
422 419 504 444 non
524 405 765 457 ineleganter
794 405 938 456 scripta
957 404 1126 456 perspici
1155 412 1296 455 potest,
1320 418 1422 456 quae

72 483 221 521 ‘neque
257 470 374 509 nimis
412 478 471 510 est
509 471 637 510 infans
675 484 807 521 neque
839 472 1012 521 perfecte
1045 470 1200 509 diserta.
1262 471 1421 510 Mucius
1443 485 1502 508 102

52 549 71 582 5
89 543 222 575 autem
253 549 385 586 augur,
418 537 527 587 quod
554 550 626 587 pro
652 549 694 576 se
723 549 824 587 opus
854 543 946 583 erat,
978 535 1062 587 ipse
1096 535 1266 583 dicebat,
1298 544 1342 575 ut
1370 537 1421 576 de

88 601 267 653 pecuniis
295 602 523 653 repetundis
552 610 689 641 contra
717 604 763 641 T.
790 602 1018 642 Albucium.
1078 604 1118 641 Is
1150 610 1348 642 oratorum
1379 602 1421 641 in

87 681 254 706 numero
277 681 360 706 non
390 667 473 715 fuit,
504 667 597 707 iuris
626 667 750 707 civilis
774 667 1042 719 intellegentia
1061 675 1181 719 atque
1204 668 1314 707 omni
1333 682 1421 719 pru-

87 733 247 772 dentiae
283 746 426 783 genere
462 733 665 785 praestitit.
725 735 768 772 L.
806 733 964 774 Caelius
995 733 1204 784 Antipater
1241 733 1416 784 scriptor,

87 812 206 849 quem
230 800 281 838 ad
305 800 472 838 modum
491 799 643 846 videtis,
666 798 739 838 fuit
758 806 801 837 ut
821 799 1065 850 temporibus
1086 798 1160 838 illis
1180 800 1414 846 luculentus,

0 870 1 922 {
29 874 68 898 10
85 863 178 903 iuris
197 866 313 904 valde
331 864 493 915 peritus,
513 866 726 903 multorum
747 864 865 903 etiam
885 872 928 903 ut
949 866 992 903 L.
1018 863 1148 905 Crassi
1168 864 1361 915 magister.
1437 903 1488 942 27

119 929 302 968 ·Vtinam
331 929 371 968 in
401 929 463 968 Ti.
486 931 668 969 Graccho
689 929 870 980 Gaioque
899 930 1086 970 Carbone
1111 929 1198 968 talis
1228 943 1340 968 mens
1366 931 1418 969 ad
1440 963 1500 994 103

85 1008 168 1034 rem
196 995 397 1046 publicam
427 995 530 1034 bene
557 996 771 1046 gerendam
805 995 951 1042 fuisset,
983 996 1100 1046 quale
1129 994 1333 1045 ingenium
1366 996 1418 1034 ad

86 1060 190 1099 bene
217 1060 433 1100 dicendum
463 1060 559 1100 fuit:
598 1062 775 1112 profecto
804 1075 924 1100 nemo
953 1061 1014 1100 his
1042 1060 1133 1100 viris
1161 1060 1284 1111 gloria
1312 1074 1419 1112 prae-

0 1165 1 1168 ,
86 1125 257 1165 stitisset.
307 1127 386 1165 Sed
402 1140 538 1165 eorum
554 1127 651 1165 alter
670 1134 829 1177 propter
844 1126 1226 1166 turbulentissimum
1247 1126 1419 1165 tribuna-

0 1197 1 1220 l
26 1202 66 1238 15
87 1198 182 1238 tum,
212 1192 264 1230 ad
292 1205 412 1242 quem
436 1205 483 1231 ex
512 1191 661 1231 invidia
689 1192 858 1231 foederis
887 1191 1124 1231 Numantini
1153 1191 1269 1231 bonis
1297 1191 1417 1230 iratus

0 1251 1 1257 ¹
84 1264 312 1305 accesserat,
334 1257 386 1296 ab
410 1257 495 1308 ipsa
519 1271 561 1296 re
586 1257 746 1308 publica
769 1264 828 1296 est
855 1257 1108 1305 interfectu83
1135 1258 1232 1296 alter
1257 1265 1417 1308 propter

83 1330 315 1373 perpetuam
334 1322 375 1360 in
395 1322 575 1373 populari
594 1322 746 1362 ratione
764 1322 962 1362 levitatem
992 1330 1117 1362 morte
1135 1322 1355 1361 voluntaria
1375 1336 1416 1362 se

83 1399 107 1426 a
125 1387 330 1426 severitate
357 1387 534 1427 iudicum
554 1387 779 1427 vindicavit.
838 1389 917 1428 Sed
942 1388 1015 1427 fuit
1043 1396 1208 1439 uterque
1237 1402 1415 1428 summus

84 1459 224 1492 orator.
282 1454 416 1504 Atque
445 1454 522 1492 hoc
551 1453 741 1493 memoria
770 1462 926 1505 patrum
957 1461 1057 1493 teste
1087 1454 1256 1494 dicimus
1270 1469 1281 1503 5
1323 1468 1415 1493 nam
1439 1473 1499 1504 104

0 1526 68 1555 ao
84 1524 124 1556 et
154 1518 349 1558 Carbonis
379 1526 419 1558 et
450 1519 619 1558 Gracchi
653 1520 846 1559 habemus
877 1519 1074 1559 orationes
1107 1521 1288 1559 nondum
1323 1520 1415 1559 satis

0 1584 1 1587 ’
82 1582 312 1633 splendidas
350 1583 489 1630 verbis,
523 1585 593 1622 sed
630 1591 765 1623 acutas
803 1584 1116 1635 prudentiaeque
1154 1584 1413 1635 plenissimas.

83 1647 174 1686 Fuit
194 1649 397 1687 Gracchus
417 1649 621 1700 diligentia
640 1649 849 1690 Corneliae
869 1650 1002 1689 matris
1022 1664 1046 1688 a
1065 1664 1188 1701 puero
1214 1652 1356 1690 doctus
1377 1659 1416 1690 et

83 1712 244 1752 Graecis
268 1713 403 1753 litteris
433 1714 620 1753 eruditus.
679 1716 783 1753 Nam
809 1728 964 1766 semper
990 1715 1128 1754 habuit
1154 1715 1369 1766 exquisitos
1393 1730 1415 1756 e

84 1778 250 1817 Graecia
276 1778 492 1829 magistros,
514 1779 555 1818 in
581 1779 636 1819 eis
661 1779 738 1827 iam
761 1781 995 1820 adulescens
1023 1780 1277 1831 Diophanem
1300 1781 1416 1832 Myti-

0 1857 64 1892 ‘²5
83 1844 266 1883 lenaeum
300 1845 489 1884 Graeciae
519 1846 763 1896 temporibus
794 1846 868 1885 illis
897 1846 1208 1886 disertissimum.
1268 1848 1348 1887 Sed
1379 1847 1415 1886 ei

83 1909 200 1948 breve
230 1917 386 1961 tempus
420 1910 552 1961 ingeni
585 1911 757 1962 augendi
791 1919 830 1950 et
862 1911 1090 1951 declarandi
1123 1911 1220 1960 suit;
1268 1913 1410 1961 Carbo,
1436 1929 1495 1962 105

80 1974 176 2025 quoi
211 1975 292 2014 vita
328 1975 605 2026 suppeditavit,
646 1984 705 2015 est
742 1976 782 2015 in
827 1976 960 2017 multis
1004 1977 1159 2016 iudiciis
1204 1978 1413 2029 causisque

80 2040 271 2090 cognitus.
331 2042 454 2080 Hunc
480 2041 548 2091 qui
577 2041 783 2081 audierant
807 2044 1021 2093 prudentes
1051 2042 1242 2091 homines,
1266 2043 1307 2082 in
1330 2043 1413 2094 qui-

80 2105 154 2144 bus
187 2105 386 2145 familiaris
415 2114 548 2146 noster
577 2109 621 2146 L.
644 2106 806 2155 Gellius,
835 2107 903 2158 qui
932 2121 974 2147 se
1002 2107 1057 2147 illi
1085 2109 1411 2148 contubernalem

21 2183 64 2216 30
79 2169 119 2226 in
139 2172 346 2210 consulatu
366 2171 486 2211 fuisse
506 2172 697 2219 narrabat,
713 2186 902 2211 canorum
923 2180 1117 2213 oratorem
1137 2181 1176 2213 et
1196 2174 1411 2214 volubilem

79 2242 119 2274 et
155 2235 248 2275 satis
285 2249 416 2276 acrem
453 2244 573 2288 atque
610 2239 783 2277 eundem
822 2245 861 2278 et
898 2239 1175 2278 vehementem
1219 2247 1258 2278 et
1295 2242 1411 2280 valde

121 2347 142 2377 3
165 2338 306 2370 historia
331 2338 384 2371 L:
417 2350 462 2371 ex
484 2339 628 2372 historia
653 2341 743 2381 vulg.
915 2351 954 2381 19
977 2341 1118 2373 dicimus
1143 2342 1257 2384 vulga:
1291 2343 1408 2376 didici-

77 2390 152 2413 mus
169 2381 371 2414 BHMO²G¹
513 2394 554 2415 22
578 2383 752 2416 Gracchus
770 2384 798 2416 L
813 2396 820 2416 ε
843 2385 893 2416 Ti.
911 2385 1086 2417 Gracchus
1101 2385 1227 2428 Stangl
1367 2397 1408 2427 25

77 2424 110 2456 ei
130 2425 336 2457 Lambinus:
359 2431 393 2458 et
409 2427 439 2458 L
570 2438 611 2468 27
636 2429 714 2468 quoi
732 2428 912 2462 Friedn'ch:
937 2429 989 2461 cui
1003 2429 1138 2462 Aldus:
1161 2429 1291 2471 quoL:
1317 2433 1408 2472 quod

77 2468 190 2510 vulg.z
212 2470 323 2510 quoad
347 2470 536 2502 Lambinus
