1696 2730
170 141 310 181 30107
600 134 657 173 M.
699 135 870 174 TVLLI
909 135 1220 176 CICERONIS

241 244 391 293 vivunt,
430 246 527 285 dum
565 254 743 298 possunt,
784 255 828 287 ut
865 249 1011 288 ducere
1047 248 1221 288 animam
1261 249 1312 288 de
1350 250 1461 290 caelo
1498 263 1581 290 non

241 318 389 361 queant
402 325 413 360 5
450 311 505 351 ita
530 311 751 351 moriuntur
780 320 823 352 ut
849 327 987 353 eorum
1013 327 1104 353 ossa
1126 322 1268 354 terram
1288 328 1371 354 non
1394 322 1557 366 tangant
1570 331 1582 365 3

239 375 294 415 ita
313 376 507 416 iactantur
525 377 711 417 fluctibus
731 386 775 417 ut
795 393 1014 430 numquam
1034 381 1269 429 adluantur;
1305 380 1360 419 ita
1378 388 1581 432 postremo

240 441 436 481 eiciuntur
466 450 509 482 ut
542 456 593 482 ne
626 445 677 483 ad
709 457 801 483 saxa
833 444 997 496 qui'dem
1031 446 1177 484 mortui
1209 445 1506 497 conquiescant,
1541 454 1581 487 et
1667 497 1668 500 Ἴ

240 520 343 558 quae
369 515 588 559 sequuntur
600 523 611 557 3
642 517 734 548 sunt
758 510 864 549 enim
891 510 1027 550 omnia
1050 511 1106 550 sic
1135 518 1179 550 ut
1207 511 1472 551 adulescentis
1497 525 1580 552 non
1599 525 1616 558 5

240 579 320 611 tam
341 586 382 612 re
402 580 441 612 et
460 573 685 614 maturitate
705 588 825 626 quam
846 589 916 627 spe
936 584 974 615 et
994 576 1289 627 exspectatione
1309 576 1469 616 laudati.
1513 578 1580 618 Ab

239 638 314 677 hac
345 638 464 678 etiam
494 638 630 678 indole
663 640 741 679 iarn
772 640 838 680 illa
872 648 1047 680 matura:
1087 644 1196 682 onr
1232 642 1376 693 generi,
1409 655 1581 684 noverca

159 707 219 737 108
238 703 318 752 filii,
341 703 444 743 filiae
473 705 621 755 paeleX.
681 707 769 745 Nec
798 720 891 746 vero
920 706 985 746 hic
1013 714 1096 746 erat
1125 721 1228 746 unus
1256 709 1373 747 ardor
1397 706 1439 746 in
1462 707 1579 748 nobis

237 775 281 807 ut
301 770 378 808 hoc
397 771 521 809 modo
541 770 676 809 omnia
696 770 928 811 diceremus.
975 773 1069 823 Ipsa
1088 772 1194 811 enim
1215 772 1281 811 illa
1301 770 1390 826 [pro
1411 771 1578 827 Roscio]

237 833 418 873 iuvenilis
438 836 703 876 redundantia
723 839 847 875 multa
866 837 987 876 habet
1005 845 1222 887 attenuata,
1241 839 1439 889 quaedam
1457 838 1578 878 etiam
1601 850 1638 874 10

237 901 357 950 paulo
386 900 578 949 hilariora,
607 909 651 940 ut
679 915 750 952 pro
779 902 944 951 Habito,
966 917 1037 954 pro
1058 903 1257 943 Cornelio·
1274 905 1579 955 compluresque

236 963 346 1003 aliae.
407 966 539 1004 Nemo
563 965 670 1004 enim
697 973 828 1005 orator
853 973 934 1005 tam
964 968 1089 1006 multa
1108 981 1159 1007 ne
1178 967 1219 1006 in
1240 968 1395 1008 Graeco
1414 968 1579 1019 quidem

237 1029 320 1068 otio
353 1030 508 1081 scripsit
545 1044 665 1082 quam
704 1033 828 1071 multa
859 1039 951 1071 sunt
981 1039 1124 1081 nostra,
1157 1046 1284 1084 eaque
1314 1034 1419 1072 hanc
1450 1033 1578 1084 ipsam

158 1079 220 1162 ¹3¹
237 1095 387 1135 habent
415 1109 536 1146 quam
566 1097 694 1148 probo
722 1097 962 1138 varietatem.
1020 1100 1087 1137 An
1115 1112 1190 1150 ego
1214 1101 1411 1149 Homero,
1432 1099 1576 1147 Ennio,

198 1142 218 1173 9
235 1160 395 1211 reliquis
422 1162 550 1212 poetis
576 1170 615 1201 et
644 1162 815 1203 maxime
844 1163 998 1215 tragicis
1027 1166 1290 1217 concederem
1316 1172 1359 1204 ut
1382 1179 1434 1205 ne
1454 1164 1578 1205 omni·
1599 1180 1636 1211 15

236 1226 310 1265 bus
330 1226 427 1265 locis
447 1228 589 1267 eadem
609 1228 867 1269 contentione
896 1236 1099 1269 uterentur
1126 1230 1345 1281 crebroque
1365 1237 1574 1280 mutarent,

235 1305 318 1330 non
346 1306 567 1343 numquam
597 1293 716 1332 etiam
745 1295 797 1334 ad
826 1294 1073 1334 cotidianum
1102 1309 1227 1347 genus
1253 1295 1446 1335 sermonis
1469 1309 1578 1336 acce-

236 1357 402 1396 derent:
445 1357 529 1409 ipse
563 1372 784 1410 numquam
814 1361 866 1399 ab
896 1360 962 1400 illa
994 1360 1184 1400 acerrima
1213 1361 1472 1401 contentione
1501 1361 1578 1401 dis-

235 1423 452 1463 cederem?
507 1425 587 1463 Sed
615 1424 713 1475 quid
742 1433 880 1476 poetas
906 1426 1042 1465 divino
1071 1426 1231 1477 ingenio
1259 1428 1448 1477 profero?
1497 1426 1578 1466 Hi·
1695 1480 1696 1483 Ἴ

234 1487 403 1527 striones
426 1502 495 1528 eos
520 1489 692 1529 vidimus
712 1491 857 1541 quibus
877 1491 976 1530 nihil
1004 1499 1139 1542 posset
1161 1491 1203 1530 in
1225 1505 1299 1531 suo
1321 1505 1465 1543 genere
1489 1505 1576 1532 esse
1596 1509 1637 1532 20
1694 1495 1696 1526 ἲ

234 1554 507 1604 praestantius,
539 1555 607 1606 qui
635 1569 718 1595 non
748 1559 875 1596 solum
906 1557 947 1596 in
976 1556 1248 1596 dissimillimis
1276 1557 1455 1608 personis
1483 1557 1577 1597 satis

225 1619 444 1669 faciebant,
467 1634 559 1660 cum
580 1628 714 1661 tamen
741 1622 781 1660 in
802 1622 882 1661 suis
902 1630 1158 1671 versarentur,
1181 1624 1251 1662 sed
1275 1630 1315 1662 et
1334 1624 1576 1662 comoedum

234 1684 276 1723 in
296 1685 507 1736 tragoediis
533 1693 572 1725 et
598 1689 831 1738 tragoedum
861 1687 902 1727 in
930 1687 1151 1728 comoediis
1176 1689 1397 1727 admodum
1420 1689 1576 1739 placere

156 1768 218 1791 110
234 1750 433 1790 vidimus:
467 1765 541 1802 ego
572 1765 654 1791 non
688 1753 927 1794 elaborem?
982 1755 1087 1794 Cum
1119 1753 1211 1793 dico
1244 1767 1320 1803 me,
1353 1760 1403 1803 te,
1440 1755 1572 1802 Brute,

235 1816 355 1865 dico,
388 1831 482 1856 nam
510 1818 551 1856 in
582 1831 646 1858 me
675 1818 839 1869 quidem
868 1819 947 1859 iam
976 1820 1131 1871 pridem
1159 1821 1346 1859 effectum
1375 1826 1436 1860 est
1463 1820 1574 1871 quod
1594 1833 1635 1866 25

235 1883 410 1921 futurum
440 1882 539 1932 fuit,
577 1891 619 1922 tu
647 1891 782 1924 autem
811 1887 956 1925 eodem
984 1887 1109 1925 modo
1132 1884 1262 1925 omnis
1288 1898 1426 1924 causas
1451 1887 1576 1936 ages?

235 1954 303 1986 aut
340 1948 503 1998 aliquod
542 1963 749 1989 causarum
787 1965 912 2002 genus
950 1951 1214 2002 repudiabis?
1258 1958 1327 1990 aut
1364 1950 1404 1990 in
1446 1950 1573 1991 isdem

235 2012 364 2052 causis
398 2021 633 2064 perpetuum
668 2023 707 2055 et
745 2018 918 2055 eundem
957 2016 1137 2068 spiritum
1171 2016 1256 2056 sine
1286 2017 1366 2055 ulla
1398 2030 1576 2056 commu-

236 2077 385 2117 tatione
404 2079 636 2120 obtinebis?
684 2082 979 2122 Demosthenes
999 2082 1174 2132 quidem,
1196 2081 1308 2121 cuius
1328 2095 1455 2133 nuper
1472 2081 1575 2122 inter

234 2142 426 2194 imagines
455 2152 542 2184 tuas
567 2159 614 2184 ac
638 2153 807 2196 tuorum,
830 2149 940 2198 quod
963 2161 1055 2187 eum
1083 2149 1202 2187 credo
1221 2160 1384 2195 amares,
1405 2161 1497 2186 cum
1519 2148 1572 2187 ad
1592 2162 1635 2194 30

234 2216 273 2248 te
304 2208 344 2247 in
378 2211 652 2250 Tusculanum
686 2212 895 2262 venissem,
931 2213 1144 2264 imaginem
1182 2226 1230 2252 ex
1266 2225 1356 2252 aere
1392 2212 1485 2261 vidi,
1517 2212 1573 2252 nil

277 2322 299 2351 9
323 2322 384 2352 pro
402 2313 529 2344 Roscio
544 2314 614 2346 secl.
633 2314 733 2354 Bake,
751 2315 817 2348 coll.
832 2314 972 2356 Quintil.
986 2314 1042 2348 xii.
1060 2325 1086 2347 1.
1103 2325 1146 2346 20
1312 2325 1352 2348 ιο
1374 2315 1409 2347 in
1426 2315 1573 2348 iuvenali

232 2353 381 2387 Schiitz:
405 2367 449 2387 ex
466 2357 613 2389 iuvenali
628 2357 815 2400 Heerdegen
928 2369 964 2390 11
991 2364 1028 2391 ut
1051 2359 1262 2391 Lambinus:
1297 2363 1332 2391 at
1352 2359 1420 2391 AL
1529 2369 1572 2392 22

234 2402 348 2430 tamen
364 2399 454 2431 AL:
480 2404 649 2442 tamquam
665 2401 763 2434 Peter
905 2403 948 2434 28
971 2407 1006 2434 et
1021 2403 1089 2436 secl.
1106 2401 1228 2436 Schatz
