1630 2730
129 167 181 207 35
202 172 261 204 132
574 157 632 194 M.
663 155 833 193 TVLLI
863 154 1172 194 CICERONIS

196 284 353 310 summa
378 283 460 309 non
482 268 585 308 vitae
612 270 741 307 solum
767 275 887 319 atque
917 274 1081 306 naturae
1106 267 1177 306 sed
1203 264 1391 308 orationis
1417 263 1538 304 etiam

196 336 373 384 comitas,
413 335 640 385 incorrupta
677 334 873 384 quaedam
913 331 1045 371 Latini
1082 331 1275 371 sermonis
1313 330 1539 382 integritas;

196 415 299 452 quae
324 399 494 452 perspici
520 413 612 439 cum
636 413 684 438 ex
709 391 954 438 orationibus
981 397 1065 436 eius
1091 404 1223 448 potest
1242 404 1327 435 tum
1353 395 1539 435 facillime

197 481 245 506 ex
278 480 326 506 eo
359 466 460 505 libro
495 479 614 516 quem
653 466 704 503 de
743 465 952 503 consulatu
990 470 1029 502 et
1063 464 1114 502 de
1151 463 1268 501 rebus
1301 461 1420 513 gestis
1458 460 1539 500 suis

197 531 467 582 conscriptum
488 530 598 570 molli
618 538 657 569 et
676 529 964 580 Xenophontio
987 541 1130 579 genere
1150 526 1343 567 sermonis
1363 525 1469 565 misit
1487 527 1540 566 ad
1559 536 1578 569 5

197 600 246 636 Α.
269 597 431 636 Furium
446 604 618 647 poetam,
635 595 867 634 familiarem
888 607 1029 643 suum3
1059 593 1127 644 qui
1146 593 1245 632 liber
1265 591 1389 632 nihilo
1410 591 1541 631 notior

122 682 179 714 133
198 671 257 702 est
287 677 405 714 quam
436 661 491 701 illi
520 669 608 709 tres,
632 662 683 700 de
702 660 847 711 quibus
875 667 968 699 ante
996 659 1087 707 dixi,
1111 658 1247 699 Scauri
1275 658 1374 698 libri.
1433 659 1540 696 Tum

200 731 369 768 Brutus:
406 728 509 767 Mihi
529 727 703 778 quidem,
726 726 867 777 inquit,
889 740 964 766 nec
987 726 1061 765 iste
1087 733 1206 765 notus
1229 733 1289 764 est
1312 738 1387 764 nec
1406 723 1462 763 illi
1474 738 1542 773 3<—

200 796 270 834 sed
291 796 390 834 haec
411 808 500 833 mea
515 795 632 844 culpa
647 801 717 840 est,
735 806 954 843 numquam
971 792 1078 831 enim
1098 791 1139 830 in
1159 804 1301 830 manus
1316 790 1542 830 inciderunt

199 874 363 899 —nunc
392 868 526 899 autem
560 867 599 898 et
631 872 655 897 a
684 866 723 897 te
757 872 911 897 sumam
941 865 980 897 et
1008 857 1241 907 conquiram
1272 856 1346 895 ista
1373 856 1541 907 posthac
1563 866 1603 889 ιο

200 925 403 966 curiosius.
464 924 555 963 Fuit
580 923 696 974 igitur
719 923 760 961 in
781 924 925 963 Catulo
952 936 1082 962 sermo
1109 921 1274 961 Latinus
1288 936 1299 970 3
1332 935 1435 972 quae
1457 922 1542 960 laus

201 991 363 1031 dicendi
387 1004 469 1029 non
494 989 705 1028 mediocris
725 989 777 1027 ab
804 987 1024 1027 oratoribus
1051 987 1249 1039 plerisque
1271 988 1452 1038 neglecta
1470 995 1542 1027 est.

201 1059 308 1096 Nam
332 1058 383 1095 de
413 1069 513 1095 sono
536 1054 645 1094 vocis
674 1061 713 1093 et
741 1053 933 1093 suavitate
959 1054 1284 1104 appellandarum
1313 1052 1540 1100 litterarum,

202 1121 393 1172 quoniam
438 1120 563 1159 filium
605 1118 837 1170 cognovisti,
878 1118 961 1158 noli
998 1127 1225 1169 exspectare
1263 1118 1360 1169 quid
1398 1118 1542 1158 dicam.

203 1187 460 1235 Quamquam
481 1184 583 1223 filius
604 1183 767 1234 quidem
788 1197 870 1222 non
890 1183 963 1222 fuit
986 1183 1026 1222 in
1047 1191 1246 1223 oratorum
1271 1197 1450 1232 numero,
1472 1184 1544 1223 sed
1564 1192 1603 1226 15

203 1265 285 1290 non
305 1253 441 1290 deerat
456 1249 492 1289 ei
507 1258 642 1288 tamen
662 1249 703 1287 in
723 1249 920 1288 sententia
935 1249 1106 1288 dicenda
1120 1263 1211 1288 cum
1232 1249 1444 1300 prudentia
1457 1257 1542 1289 tum

123 1326 184 1359 134
204 1318 362 1367 elegans
383 1317 588 1367 quoddam
605 1323 644 1354 et
660 1315 858 1354 eruditum
880 1314 1068 1354 orationis
1087 1329 1223 1366 genus.
1282 1317 1320 1355 N
1324 1329 1370 1355 ec
1385 1315 1544 1356 habitus

203 1390 263 1422 est
297 1389 430 1420 tamen
463 1388 573 1431 pater
610 1380 695 1431 ipse
730 1381 896 1421 Catulus
926 1380 1110 1432 princeps
1149 1380 1190 1419 in
1221 1394 1388 1420 numero
1417 1389 1546 1433 patro-

203 1461 362 1496 norum,
396 1448 467 1486 sed
501 1455 583 1486 erat
614 1446 701 1485 talis
732 1454 786 1495 ut,
818 1460 908 1486 cum
941 1448 1138 1498 quosdam
1168 1447 1325 1486 audires
1359 1446 1428 1498 qui
1458 1455 1544 1487 tum

205 1521 315 1553 erant
335 1520 590 1564 praestantes,
613 1512 812 1552 videretur
838 1526 924 1552 esse
953 1512 1122 1560 inferior,
1145 1526 1237 1552 cum
1258 1521 1391 1552 autem
1412 1512 1543 1564 ipsum
1565 1529 1606 1552 20

203 1578 361 1618 audires
387 1577 472 1617 sine
501 1578 809 1628 comparatione,
831 1592 914 1617 non
943 1579 1066 1617 modo
1095 1586 1306 1617 contentus
1334 1592 1452 1627 esses,
1474 1580 1546 1620 sed

125 1658 186 1691 135
206 1643 347 1683 melius
386 1657 468 1682 non
507 1657 725 1694 quaereres.
797 1645 846 1693 Q.
886 1645 1074 1683 Metellus
1109 1643 1349 1683 Numidicus
1387 1652 1427 1684 et
1460 1644 1545 1684 eius

205 1711 373 1760 conlega
402 1711 459 1747 M.
483 1708 639 1748 Silanus
668 1709 857 1749 dicebant
883 1711 934 1749 de
960 1723 1001 1749 re
1020 1709 1181 1760 publica
1207 1710 1317 1760 quod
1343 1717 1447 1749 esset
1469 1709 1545 1750 illis

205 1775 296 1815 viris
317 1783 355 1814 et
375 1774 572 1814 consulari
599 1775 782 1826 dignitati
808 1775 912 1815 satis.
973 1777 1029 1814 M.
1052 1775 1236 1815 Aurelius
1264 1777 1433 1815 Scaurus
1461 1789 1545 1816 non

207 1855 325 1892 saepe
377 1839 538 1879 dicebat
580 1841 652 1880 sed
698 1841 822 1892 polite
836 1856 846 1890 ;
894 1841 1036 1880 Latine
1078 1854 1172 1880 vero
1216 1841 1257 1880 in
1300 1841 1437 1892 primis
1485 1850 1544 1882 est
1565 1858 1604 1891 25

207 1908 407 1957 eleganter
437 1907 604 1945 locutus.
665 1907 781 1956 Quae
815 1908 899 1946 laus
933 1908 1075 1946 eadem
1109 1906 1150 1945 in
1180 1908 1228 1946 A.
1261 1906 1412 1947 Albino
1441 1907 1546 1947 bene

207 1970 401 2022 loquendi
430 1971 503 2010 fuit
517 1986 528 2020 3
557 1985 651 2010 nam
685 1973 830 2011 flamen
864 1972 1036 2012 Albinus
1070 1972 1189 2012 etiam
1219 1972 1261 2010 in
1290 1985 1458 2011 numero
1487 1979 1548 2012 est

208 2036 368 2076 habitus
392 2035 640 2076 disertorum.
701 2038 749 2087 Q.
773 2037 892 2077 etiam
913 2037 1075 2089 Caepio,
1097 2037 1155 2077 vir
1173 2051 1263 2077 acer
1282 2044 1321 2076 et
1340 2037 1460 2086 sortis,
1483 2036 1548 2077 cui

210 2104 367 2142 fortuna
394 2101 489 2140 belli
518 2101 683 2150 crimini,
705 2102 855 2142 invidia
883 2103 1021 2154 populi
1051 2102 1265 2142 calamitati
1298 2102 1381 2142 fuit.
1440 2104 1547 2142 Tum

209 2168 328 2207 etiam
361 2168 407 2207 C.
439 2168 482 2206 L.
519 2167 702 2207 Memmii
732 2169 891 2207 fuerunt
921 2175 1095 2208 oratores
1128 2168 1360 2216 mediocres,
1391 2181 1550 2208 accusa·
1572 2179 1615 2211 30

210 2241 314 2273 tores
333 2246 442 2273 acres
462 2240 582 2283 atque
602 2232 735 2272 acerbi
748 2247 759 2282 3
788 2233 922 2284 itaque
951 2232 992 2272 in
1016 2233 1208 2273 iudicium
1238 2233 1377 2285 capitis
1401 2236 1549 2274 multos

136 2075 191 2122 36

129 2146 141 2167 1
150 2135 190 2175 36

253 2347 275 2377 9
298 2338 358 2368 sed
385 2338 438 2368 L:
474 2347 538 2368 nec
565 2336 687 2368 Rivius
837 2347 871 2368 11
897 2338 1010 2378 igitur,
1039 2337 1177 2378 inquam
1203 2337 1378 2370 Eberhard
1509 2348 1547 2370 12

212 2381 412 2412 mediocrite
439 2380 502 2412 OG
645 2391 684 2421 19
708 2391 775 2412 una
800 2381 934 2413 audires
961 2381 1091 2422 Kayser
1238 2391 1278 2413 21
1305 2392 1347 2413 eo
1364 2386 1548 2414 contentus

210 2423 400 2456 Lambinus
554 2425 597 2455 26
620 2425 707 2456 bene
723 2425 890 2465 loquendi
906 2425 975 2458 secl.
995 2425 1127 2466 Kayser
1271 2426 1314 2457 28
1337 2425 1392 2458 cui
1409 2425 1547 2458 fortuna

214 2468 291 2500 0²5
321 2481 328 2500 :
351 2469 408 2509 qui
426 2469 564 2500 fortuna
578 2467 608 2498 L
