1696 2730
646 158 883 199 ORATOR
1383 169 1435 210 5⁷
1455 174 1513 207 192

101 277 360 322 praetereunt,
383 283 464 309 non
485 268 620 309 vident
640 268 916 308 mollissimum
940 283 964 308 a
990 282 1076 309 sese
1105 283 1315 309 numerum
1340 284 1433 310 eun-

101 337 275 387 demque
310 334 597 386 amplissimum
635 334 844 385 praeteriri.
914 336 1036 384 Quod
1074 336 1191 386 longe
1228 335 1432 376 Aristoteli

99 401 255 441 videtur
291 415 416 449 secus,
451 400 519 452 qui
552 400 700 440 iudicat
733 401 900 439 heroum
937 414 1146 439 numerum
1179 401 1430 451 grandiorem

100 481 219 518 quam
248 467 446 506 desideret
473 467 602 505 soluta
629 465 766 514 oratio,
791 465 969 504 iambum
998 473 1131 505 autem
1161 465 1278 504 nimis
1305 480 1327 505 e
1351 468 1431 505 vul-

61 541 80 573 5
98 533 179 584 gari
198 546 284 572 esse
307 545 500 572 sermone.
559 533 622 570 Ita
647 544 778 581 neque
804 530 995 570 humilem
1016 538 1055 570 et
1073 530 1269 570 abiectam
1291 531 1431 572 oratio-

98 611 191 638 nem
214 612 289 638 nec
312 598 429 636 nimis
451 599 571 636 altam
591 603 631 636 et
649 603 920 647 exaggeratam
940 596 1092 647 probat,
1115 598 1274 647 plenam
1295 604 1429 636 tamen

98 677 187 702 eam
214 665 298 703 vult
331 677 417 702 esse
446 661 656 714 gravitatis,
684 669 727 700 ut
758 675 826 701 eos
861 661 929 712 qui
961 661 1126 701 audient
1154 663 1207 701 ad
1238 662 1426 702 maiorem

96 729 399 768 admirationem
419 728 544 779 possit
563 729 779 767 traducere.
838 728 1090 766 Trochaeum
1113 734 1258 775 autem,
1281 727 1349 778 qui
1369 735 1429 767 est
1450 734 1510 768 193

97 795 239 834 eodem
274 794 401 845 spatio
431 807 512 845 quo
545 794 723 841 choreus,
756 794 966 832 cordacem
1000 794 1182 843 appellat,
1214 792 1308 843 quia
1337 806 1430 832 con-

40 867 80 891 10
97 859 235 899 tractio
255 867 294 899 et
313 859 482 899 brevitas
508 859 740 910 dignitatem
767 871 849 897 non
875 858 1030 896 habeat.
1091 859 1153 896 Ita
1171 871 1323 908 paeana
1343 872 1429 909 pro-

96 925 164 964 bat
183 939 312 975 eoque
330 925 384 963 ait
404 924 460 963 uti
480 923 624 972 omnis,
643 924 714 963 sed
733 923 840 973 ipsos
862 936 944 961 non
964 922 1108 962 sentire
1131 936 1223 961 cum
1244 931 1428 972 utantur3

94 1003 181 1029 esse
206 998 340 1029 autem
366 989 523 1029 tertium
550 1003 596 1028 ac
623 988 799 1028 medium
826 988 928 1027 inter
946 987 1045 1036 illos,
1068 995 1107 1027 et
1126 987 1180 1026 ita
1205 990 1330 1027 factos
1357 1002 1425 1028 eos

94 1057 216 1106 pedes
242 1069 338 1103 esse,
361 1063 404 1094 ut
423 1055 464 1094 in
485 1054 540 1094 eis
565 1054 727 1105 singulis
754 1055 897 1093 modus
917 1053 1009 1092 insit
1028 1061 1096 1092 aut
1116 1053 1339 1104 sesquiplex
1358 1062 1426 1094 aut

93 1122 241 1171 duplex
272 1128 340 1160 aut
368 1134 447 1171 par.
513 1122 655 1171 Itaque
687 1119 742 1158 illi
775 1120 826 1158 de
855 1119 999 1170 quibus
1034 1126 1126 1158 ante
1159 1119 1240 1158 dixi
1270 1126 1424 1158 tantum

37 1194 76 1228 ¹5
94 1189 217 1227 modo
242 1186 537 1226 commoditatis
563 1187 786 1225 habuerunt
809 1185 1014 1232 rationem,
1036 1186 1186 1223 nullam
1210 1184 1422 1235 dignitatis.

94 1252 258 1291 Iambus
277 1251 384 1291 enim
404 1259 443 1291 et
462 1253 641 1302 dactylus
660 1251 701 1290 in
721 1264 877 1290 versum
898 1251 1047 1289 cadunt
1067 1249 1262 1298 maxime3
1290 1249 1424 1301 itaque
1447 1258 1508 1292 194

92 1325 135 1357 ut
154 1331 309 1357 versum
338 1317 510 1368 fugimus
539 1317 579 1355 in
609 1316 798 1363 oratione,
823 1315 879 1354 sic
908 1315 949 1354 hi
978 1322 1069 1354 sunt
1098 1315 1272 1354 evitandi
1302 1315 1425 1354 conti-

93 1382 202 1422 nuati
222 1384 344 1434 pedes
359 1397 370 1431 ;
401 1382 509 1422 aliud
534 1381 641 1422 enim
662 1380 853 1432 quiddam
880 1388 940 1420 est
960 1380 1086 1420 oratio
1106 1394 1181 1419 nec
1207 1379 1422 1431 quiequam

91 1447 288 1488 inimicius
303 1462 422 1499 quam
443 1448 508 1487 illa
523 1447 699 1487 versibus
715 1461 725 1495 3
750 1460 876 1497 paean
896 1453 1029 1486 autem
1051 1445 1214 1485 minime
1233 1453 1292 1485 est
1307 1453 1422 1497 aptus

33 1515 75 1552 ἑο
91 1515 143 1553 ad
162 1527 329 1562 versum,
343 1527 425 1564 quo
443 1513 631 1552 libentius
651 1526 742 1552 eum
762 1511 910 1562 recepit
930 1511 1066 1551 oratio.
1126 1512 1310 1562 Ephorus
1330 1525 1423 1551 vero

90 1593 142 1619 ne
165 1581 386 1631 spondeum
415 1579 590 1630 quidem,
613 1592 732 1629 quern
756 1577 864 1628 fugit,
886 1576 1077 1627 intellegit
1103 1589 1189 1615 esse
1215 1578 1422 1627 aequalem

89 1645 259 1695 dactylo,
294 1658 414 1695 quem
451 1644 603 1695 probat.
671 1642 838 1693 Syllabis
877 1641 985 1681 enim
1024 1641 1247 1680 metiendos
1285 1643 1419 1692 pedes,

0 1666 3 1756 i
90 1723 172 1748 non
199 1709 411 1749 intervallis
437 1708 657 1757 existimat;
686 1708 796 1759 quod
821 1707 928 1746 idem
954 1706 1048 1746 facit
1067 1706 1108 1744 in
1132 1707 1331 1755 trochaeo,
1353 1707 1422 1757 qui

0 1760 2 1800 l
90 1775 335 1826 temporibus
364 1782 403 1814 et
428 1774 640 1814 intervallis
669 1781 728 1813 est
750 1787 820 1824 par
848 1772 996 1821 iambo,
1016 1773 1086 1812 sed
1116 1785 1165 1811 eo
1190 1771 1353 1811 vitiosus
1380 1772 1421 1811 in

0 1803 3 1902 l
32 1852 72 1885 25
89 1840 277 1887 oratione,
300 1840 332 1879 si
351 1847 521 1891 ponatur
539 1847 748 1887 extremus,
763 1840 873 1889 quod
892 1838 1012 1877 verba
1031 1837 1171 1876 melius
1191 1836 1232 1875 in
1252 1837 1420 1887 syllabas

0 1904 1 1912 ¹
89 1905 285 1956 longiores
305 1907 463 1944 cadunt.
514 1907 647 1955 Atque
666 1906 776 1952 haec,
795 1917 897 1954 quae
917 1910 1009 1942 sunt
1028 1903 1136 1952 apud
1152 1898 1423 1950 Aristotelem,‘

88 1971 229 2010 eadem
257 1984 281 2009 a
305 1972 584 2020 Theophrasto
610 1971 923 2020 Theodecteque
956 1969 1007 2008 de
1040 1981 1190 2018 paeane
1221 1967 1418 2007 dicuntur.

89 2037 176 2087 Ego
203 2043 336 2075 autem
364 2036 492 2075 sentio
518 2035 648 2074 omnis
676 2035 717 2073 in
746 2034 924 2074 oratione
953 2046 1039 2073 esse
1067 2031 1180 2083 quasi
1205 2032 1419 2083 permixtos
1441 2049 1500 2082 ¹95

88 2108 126 2140 et
159 2102 346 2141 confusos
379 2102 513 2152 pedes,
544 2114 619 2140 nec
656 2100 763 2140 enim
801 2101 971 2150 effugere
1003 2111 1210 2150 possemus
1242 2097 1420 2138 animad-

29 2179 71 2212 30
88 2165 321 2214 versionem,
346 2166 378 2205 si
404 2179 559 2217 semper
587 2165 714 2205 isdem
744 2172 953 2212 uteremur,
979 2163 1072 2214 quia
1104 2176 1179 2202 nec
1207 2176 1419 2202 numerosa

131 2278 151 2309 5
173 2274 208 2300 et
230 2270 394 2301 abiectam
418 2269 628 2301 Lambinus:
661 2279 724 2300 nec
747 2268 911 2300 abiectam
928 2266 959 2298 L
1093 2277 1110 2307 7
1134 2266 1274 2298 audiant
1298 2267 1420 2298 maluit

86 2311 220 2344 Ernesti
341 2323 382 2345 10
405 2318 439 2345 et
455 2312 611 2354 Sauppe:
634 2319 671 2344 ut
688 2313 716 2343 L
844 2321 883 2351 13
908 2312 942 2342 in
960 2311 1011 2342 eis
1031 2311 1056 2342 L
1073 2322 1081 2342 z
1106 2310 1256 2342 numeris
1272 2308 1417 2351 Stangl:

87 2356 138 2387 eis
151 2355 285 2388 Ernesti
433 2367 471 2388 21
498 2357 584 2397 sugit
599 2356 689 2389 codd.
705 2355 778 2387 dett.
795 2367 803 2387 ε
827 2355 890 2386 suit
905 2353 935 2385 L
1067 2364 1109 2393 24
1133 2355 1277 2385 vitiosus
1292 2352 1418 2385 Manu-

86 2400 171 2431 tius:
208 2401 363 2432 vitiosius
394 2399 423 2431 L
563 2401 605 2431 28
628 2401 740 2431 sentio
770 2398 823 2430 L:
862 2408 988 2431 censeo
1017 2397 1108 2429 Bake
1195 2407 1272 2429 esse
1303 2398 1418 2440 vulg.:

86 2448 140 2475 est
155 2443 185 2474 L
