1696 2730
706 163 918 204 TOPICA
1422 170 1477 200 20
1499 165 1541 209 76

149 276 406 317 Palamedem
443 274 624 315 coniecta
661 274 932 325 suspicionum
970 272 1204 324 proditionis
1241 271 1456 311 multitudo
1469 286 1480 320 3

149 343 260 393 quod
291 354 415 392 genus
447 341 615 380 refutare
648 339 848 379 interdum
876 338 1017 378 veritas
1049 337 1113 377 vix
1144 344 1286 388 potest.
1346 337 1480 376 Huius

149 407 270 447 etiam
298 414 358 446 est
388 405 542 457 generis
570 406 676 444 fama
703 404 820 455 vulgi,
851 405 1055 455 quoddam
1085 401 1349 442 multitudinis
1377 401 1482 441 testi-

151 471 342 511 monium.
401 472 516 520 Quae
548 477 682 509 autem
710 469 853 508 virtute
891 469 1012 507 fidem
1045 467 1195 507 faciunt
1223 480 1270 507 ea
1297 448 1491 518 bipertita

112 550 131 582 5
151 543 269 585 sunt,
309 549 358 576 ex
389 535 534 587 quibus
567 535 733 574 alterum
767 541 906 572 natura
938 534 1040 572 valet
1072 534 1239 572 alterum
1276 531 1478 571 industria.

155 602 335 641 Deorum
381 600 488 640 enim
533 599 654 639 virtus
701 606 840 637 natura
883 597 1047 646 excellit,
1094 597 1303 637 hominum
1347 604 1480 636 autem

150 666 354 706 industria.
424 665 571 705 Divina
613 665 712 704 haec
755 665 835 703 fere
879 670 971 703 sunt
1014 662 1263 702 testimonia:
1311 661 1482 713 primum
1504 671 1543 706 77

151 731 582 772 orationis-oracula
610 729 717 770 enim
746 743 794 769 ex
822 743 870 769 eo
899 728 986 780 ipso
1014 729 1211 779 appellata
1239 734 1342 775 sunt,
1374 728 1483 778 quod

25 840 31 854 ,›,
153 797 256 837 inest
285 794 361 849 [in]
392 795 452 835 his
482 797 648 835 deorum
677 794 802 834 oratio
818 808 898 842 -3
930 792 1077 832 deinde
1102 805 1245 841 rerum,
1270 791 1312 830 in
1339 791 1483 842 quibus

26 853 33 915 ¹j
97 880 136 903 ιο
153 862 288 901 insunt
314 861 427 913 quasi
453 862 650 912 quaedam
670 873 790 911 opera
815 859 973 899 divina:
1002 859 1173 910 primum
1199 858 1284 910 ipse
1310 859 1484 897 mundus

152 927 318 978 eiusque
356 926 486 966 omnis
524 927 623 965 ordo
661 933 699 965 et
737 932 897 965 ornatus
911 939 922 973 3
967 924 1156 975 deinceps
1200 922 1294 963 aerii
1331 925 1484 963 volatus

152 991 286 1032 avium
328 999 448 1042 atque
489 998 654 1039 cantus3
699 990 847 1030 deinde
890 989 1070 1029 eiusdem
1113 988 1212 1028 aeris
1257 988 1408 1028 sonitus
1446 996 1485 1028 et

152 1060 312 1096 ardores
339 1058 632 1106 multarumque
658 1069 786 1094 rerum
816 1055 856 1093 in
885 1062 986 1094 terra
1014 1061 1196 1105 portenta
1220 1061 1340 1104 atque
1366 1053 1485 1092 etiam

10 1170 14 1171 7
154 1134 224 1174 per
242 1129 331 1162 exta
354 1121 514 1161 inventa
539 1121 765 1172 praesensio
778 1135 790 1169 ,-
818 1134 842 1159 a
860 1119 1148 1159 dormientibus
1175 1132 1336 1170 quoque
1362 1120 1486 1157 multa

32 1198 46 1239 ’7
99 1206 135 1240 ¹5
155 1187 374 1238 significata
392 1186 494 1226 visis.
555 1186 712 1235 Quibus
739 1199 786 1224 ex
811 1185 908 1225 locis
935 1184 1037 1224 sumi
1063 1184 1263 1224 interdum
1287 1185 1415 1223 solent
1433 1185 1486 1222 ad

154 1253 277 1292 fidem
309 1251 532 1291 faciendam
566 1250 792 1290 testimonia
824 1252 1002 1290 deorum.
1062 1251 1111 1289 In
1144 1249 1307 1289 homine
1334 1247 1486 1288 virtutis
1506 1254 1546 1296 78

155 1317 292 1369 opinio
317 1318 420 1356 valet
448 1316 671 1367 plurimum.
732 1315 880 1367 Opinio
906 1323 966 1355 est
993 1322 1126 1354 autem
1156 1328 1237 1354 non
1266 1315 1389 1354 modo
1418 1327 1486 1352 eos

154 1382 339 1422 virtutem
373 1381 518 1421 habere
552 1380 619 1432 qui
658 1381 950 1428 habeant‚.sed
988 1393 1056 1420 eos
1090 1379 1209 1419 etiam
1240 1379 1309 1430 qui
1341 1378 1487 1418 habere

40 1503 42 1506 ᾖ
155 1448 373 1488 videantur.
424 1448 566 1498 Itaque
586 1460 686 1498 quos
707 1446 881 1497 ingenio,
900 1459 1001 1497 quos
1021 1445 1164 1492 studio,
1187 1458 1287 1496 quos
1307 1443 1488 1484 doctrina

44 1562 46 1566 7
97 1535 139 1558 20
158 1513 357 1566 praeditos
372 1512 509 1552 vident
529 1525 779 1563 quorumque
798 1512 919 1551 vitam
939 1518 1189 1550 constantem
1209 1517 1248 1550 et
1267 1510 1487 1561 probatam,

158 1587 202 1620 ut
230 1578 395 1620 Catonis
423 1578 533 1617 Laeli
559 1577 755 1628 Scipionis
781 1577 1029 1627 aliorumque
1054 1576 1239 1627 plurium,
1259 1582 1392 1615 rentur
1421 1588 1489 1614 eos

157 1658 244 1686 esse
273 1643 399 1695 qualis
433 1656 475 1683 se
501 1642 575 1694 ipsi
594 1642 716 1682 velint
730 1657 741 1691 3
769 1655 844 1681 nec
869 1643 998 1681 solum
1019 1654 1087 1680 eos
1113 1648 1277 1680 censent
1296 1653 1382 1679 esse
1402 1639 1489 1679 talis

158 1709 227 1760 qui
260 1709 301 1748 in
335 1707 553 1748 honoribus
587 1707 724 1758 populi
757 1720 878 1758 reque
911 1706 1071 1758 publica
1102 1713 1316 1753 versantur,
1347 1706 1418 1744 sed
1451 1711 1490 1744 et

31 1822 35 1823 7
159 1782 332 1815 oratores
358 1781 397 1813 et
423 1773 684 1824 philosophos
710 1779 749 1811 et
774 1778 912 1822 poetas
939 1779 978 1811 et
1003 1771 1222 1819 historicos,
1247 1784 1295 1810 ex
1321 1782 1490 1821 quorum

101 1859 141 1892 25
160 1848 200 1880 et
227 1838 344 1879 dictis
372 1846 411 1878 et
440 1837 593 1889 scriptis
622 1850 740 1888 saepe
771 1835 983 1876 auctoritas
1016 1836 1161 1888 petitur
1187 1837 1240 1876 ad
1268 1834 1492 1874 faciendam

158 1906 292 1946 fidem.

215 1968 414 2020 Expositis
456 1966 642 2007 omnibus
686 1966 988 2017 argumentandi
1032 1966 1129 2006 locis
1176 1966 1274 2005 illud
1320 1965 1528 2042 primum7
1510 1947 1555 1978 ²¹

160 2034 471 2085 intellegendum
491 2040 551 2072 est
570 2046 644 2072 nec
665 2034 784 2071 ullam
809 2045 894 2072 esse
914 2031 1225 2083 disputationem
1251 2031 1293 2070 in
1312 2044 1391 2081 qua
1410 2019 1525 2070 non¹

160 2099 303 2150 aliquis
340 2100 451 2138 locus
489 2098 670 2146 incurrat,
706 2111 781 2137 nec
814 2099 894 2137 fere
932 2097 1062 2137 omnis
1099 2099 1209 2137 locos
1243 2095 1418 2136 incidere
1451 2096 1492 2135 in

11 2154 13 2160 Α
31 2174 42 2211 j
103 2181 145 2213 30
162 2177 324 2204 omnem
348 2163 622 2215 quaestionem
643 2170 682 2202 et
702 2162 942 2214 quibusdam
962 2161 1261 2213 quaestionibus
1287 2161 1385 2200 alios
1411 2161 1493 2212 qui-

163 2230 332 2270 busdam
347 2229 445 2268 alios
461 2241 546 2268 esse
561 2227 731 2279 aptiores
747 2229 867 2268 locos.
918 2227 1209 2277 Quaestionum
1225 2227 1307 2266 duo
1326 2239 1492 2276 genera:

163 2296 329 2334 alterum
353 2293 552 2332 infinitum
580 2293 788 2333 definitum
814 2294 991 2332 alterum.
1052 2291 1272 2332 Definitum
1299 2298 1358 2331 est
1384 2291 1493 2342 quod

162 2360 342 2400 ὑπόθεσιν
379 2358 531 2406 Graeci,
568 2372 640 2398 nos
679 2371 865 2407 causam;
910 2357 1108 2397 infinitum
1147 2358 1257 2408 quod
1295 2357 1401 2396 θέσιν
1437 2355 1492 2396 illi

249 2463 272 2493 9
293 2452 328 2483 in
344 2451 378 2483 A
397 2463 404 2484 :
428 2462 494 2483 om.
514 2450 604 2483 codd.
732 2451 775 2482 28
797 2450 832 2481 in
860 2461 927 2491 qua
952 2449 1040 2482 codd.
1058 2460 1066 2481 ε
1089 2450 1122 2482 in
1144 2459 1243 2490 quam
1261 2448 1293 2480 A
1316 2449 1406 2490 vulg.

1342 2502 1425 2539 17**
