1696 2730
180 176 235 217 62

169 569 234 591 210

167 1487 224 1510 211

256 191 319 227 ²09
622 178 680 218 M.
711 177 882 216 TVLLI
913 176 1224 218 CICERONIS

252 295 315 326 tur
330 302 341 337 ς
369 287 540 327 detrahit
568 295 770 339 praeterea
796 286 964 327 actionis
993 287 1185 335 dolorem,
1214 287 1341 325 aufert
1369 286 1590 325 humanum

252 367 414 393 sensum
433 353 634 401 auditoris,
657 353 759 392 tollit
778 352 957 392 funditus
975 352 1180 392 veritatem
1201 359 1239 391 et
1259 352 1392 391 fidem.

307 420 387 458 Sed
425 418 615 470 quoniam
653 419 884 458 adhibenda
927 432 1011 469 non
1048 431 1268 468 numquam
1307 424 1376 465 est,
1416 416 1589 468 primum

250 483 470 524 videndum
494 492 554 524 est
573 498 654 535 quo
674 486 775 533 loco,
797 483 945 524 deinde
965 497 1085 534 quam
1105 483 1174 523 diu
1196 482 1404 522 retinenda
1422 481 1481 530 sit,
1504 489 1590 521 tum

252 558 350 601 quot
375 550 505 589 modis
531 551 827 589 commutanda.
885 549 1131 589 Adhibenda
1158 556 1218 589 est
1240 548 1357 599 igitur
1378 561 1591 587 numerosa
1609 558 1627 591 5
1688 555 1696 575 ·

251 615 387 663 oratio,
423 615 456 655 si
488 623 556 655 aut
585 617 832 655 laudandum
865 622 925 655 est
961 614 1112 666 aliquid
1143 614 1328 662 ornatius,
1363 621 1408 652 ut
1437 627 1511 653 nos
1548 612 1590 652 in
1686 602 1696 623 Ξ

250 681 514 720 accusationis
534 683 713 721 secundo
732 682 783 721 de
804 681 960 720 Siciliae
985 682 1103 720 laude
1123 680 1304 728 diximus,
1326 687 1370 719 ut
1388 679 1430 718 in
1450 686 1590 718 senatu

250 748 302 786 de
322 748 531 786 consulatu
551 760 653 794 meo,
676 754 744 786 aut
770 748 1007 797 exponenda
1032 746 1213 793 narratio,
1236 759 1339 796 quae
1357 746 1446 796 plus
1466 743 1591 795 digni·
1686 739 1696 828 ὃ

249 812 339 852 tatis
368 812 567 852 desiderat
596 826 716 864 quam
745 812 904 861 doloris,
935 820 978 851 ut
1006 812 1047 850 in
1077 819 1217 863 quarto
1245 809 1509 850 accusationis
1538 811 1590 849 de
1689 829 1696 848 ε

250 878 463 918 Hennensi
485 879 638 926 Cerere,
661 880 712 917 de
736 880 951 929 Segestana
972 877 1112 925 Diana,
1135 879 1186 917 de
1206 879 1485 928 Syracusarum
1512 875 1589 915 situ
1609 882 1650 907 10
1677 848 1696 1356 i

249 943 431 982 diximus.
487 945 614 995 Saepe
634 943 753 983 etiam
773 943 814 982 in
833 943 1116 994 amplificanda
1134 956 1175 982 re
1195 956 1388 982 concessu
1408 941 1589 981 omnium

248 1009 427 1048 funditur
459 1022 671 1048 numerose
709 1016 748 1048 et
780 1009 1006 1048 volubiliter
1042 1008 1178 1048 oratio.
1239 1010 1288 1048 Id
1321 1021 1395 1047 nos
1424 1009 1590 1047 fortasse

249 1088 331 1113 non
362 1074 611 1125 perfecimus,
645 1074 778 1114 conati
815 1074 979 1125 quidem
1013 1074 1242 1125 saepissime
1273 1087 1409 1113 sumus
1425 1087 1436 1122 3
1479 1074 1589 1124 quod

248 1140 427 1191 plurimis
447 1140 544 1179 locis
564 1139 833 1191 perorationes
853 1147 1011 1179 nostrae
1030 1139 1202 1179 voluisse
1221 1153 1295 1179 nos
1314 1146 1434 1190 atque
1453 1138 1589 1178 animo

248 1205 504 1245 contendisse
541 1207 754 1245 declarant.
824 1206 875 1245 Id
912 1213 1045 1245 autem
1083 1213 1169 1244 tum
1202 1207 1305 1244 valet
1333 1218 1426 1244 curn
1458 1204 1491 1244 is
1520 1203 1590 1255 qui
1611 1210 1648 1244 ι5

248 1271 359 1310 audit
378 1272 430 1310 ab
451 1278 604 1310 oratore
623 1270 702 1310 iam
723 1271 908 1311 obsessus
928 1279 988 1310 est
1007 1285 1053 1311 ac
1079 1279 1245 1311 tenetur.
1305 1272 1400 1310 Non
1419 1270 1527 1310 enim
1546 1270 1588 1310 id

247 1337 327 1387 agit
357 1344 399 1375 ut
425 1336 633 1376 insidietur
661 1344 700 1376 et
729 1337 923 1385 observet,
945 1338 1016 1376 sed
1042 1337 1121 1376 iam
1150 1338 1255 1376 favet
1277 1349 1589 1388 processumque

247 1403 331 1441 vult
346 1402 589 1453 dicendique
601 1402 681 1441 vim
693 1403 894 1442 admirans
910 1417 992 1442 non
1007 1402 1179 1454 anquirit
1199 1403 1296 1454 quid
1311 1403 1585 1453 reprehendat.

249 1469 365 1507 Haec
388 1475 522 1507 autem
548 1469 675 1507 forma
699 1468 907 1508 retinenda
934 1482 1017 1508 non
1046 1468 1116 1508 diu
1141 1475 1211 1516 est,
1234 1482 1308 1508 nec
1332 1467 1424 1507 dico
1444 1467 1485 1506 in
1504 1481 1588 1518 per-
1683 1495 1696 1528 :i

247 1533 436 1581 oratione,
470 1547 591 1584 quam
629 1533 755 1584 ipsam
793 1533 972 1582 includit,
1013 1535 1084 1573 sed
1122 1533 1163 1572 in
1201 1533 1389 1573 orationis
1426 1532 1586 1584 reliquis
1607 1539 1649 1563 ²0

246 1597 434 1648 partibus.
490 1600 596 1637 Nam
617 1613 709 1638 cum
731 1598 782 1638 sis
802 1598 858 1638 eis
878 1599 976 1639 locis
999 1613 1093 1638 usus
1113 1598 1258 1650 quibus
1278 1598 1437 1638 ostendi
1455 1598 1583 1646 licere,

247 1665 518 1703 transferenda
548 1671 631 1703 tota
664 1663 789 1703 dictio
822 1672 881 1704 est
913 1666 965 1704 ad
994 1664 1060 1703 illa
1089 1678 1190 1715 quae
1219 1664 1355 1703 nescio
1383 1677 1466 1713 cur,
1494 1677 1586 1703 cum

248 1729 389 1768 Graeci
419 1730 593 1780 κόμματα
621 1737 660 1769 et
686 1733 790 1769 κῶλα
814 1730 1035 1779 nominent,
1057 1743 1131 1769 nos
1159 1744 1242 1770 non
1266 1737 1372 1769 recte
1394 1729 1519 1769 incisa
1546 1737 1586 1770 et

247 1795 427 1833 membra
447 1795 637 1835 dicamus.
698 1797 842 1847 Neque
868 1795 975 1835 enim
1002 1809 1088 1836 esse
1116 1802 1284 1847 possunt
1303 1795 1420 1835 rebus
1439 1794 1585 1846 ignotis

247 1867 342 1898 nota
362 1860 535 1908 nomina,
552 1862 623 1900 sed
643 1875 734 1900 cum
754 1862 875 1900 verba
893 1868 962 1900 aut
981 1860 1182 1900 suavitatis
1201 1868 1270 1900 aut
1288 1860 1447 1912 inopiae
1466 1874 1585 1900 causa
1603 1875 1644 1908 25

247 1927 454 1964 transferre
481 1927 691 1975 soleamus,
713 1926 754 1965 in
778 1927 965 1966 omnibus
994 1928 1072 1967 hoc
1098 1928 1141 1966 fit
1166 1926 1326 1975 artibus,
1347 1933 1401 1974 ut,
1424 1940 1516 1966 cum
1542 1926 1584 1966 id

246 1992 530 2041 appellandum
554 1991 603 2031 sit
627 1994 737 2043 quod
760 2000 920 2044 propter
947 2006 1077 2032 rerum
1103 1992 1392 2044 ignorationem
1411 1992 1585 2043 ipsarum

291 2104 310 2124 2
336 2094 499 2125 auditoris
516 2095 705 2136 Heerdegen
720 2108 728 2128 :
751 2097 875 2128 actoris
890 2096 973 2128 FO:
999 2097 1149 2128 auctoris
1164 2096 1240 2127 PM
1377 2098 1399 2128 6
1422 2100 1459 2127 ut
1475 2097 1563 2137 vulg.
1578 2107 1586 2128 :

246 2141 304 2168 aut
321 2137 350 2168 L
484 2140 504 2168 8
527 2149 604 2170 meo
616 2138 646 2169 L
665 2151 672 2171 ς
694 2140 762 2172 secl.
778 2151 843 2171 non
860 2141 962 2173 nulli:
985 2145 1103 2172 nostro
1117 2140 1178 2171 alii
1305 2151 1327 2179 9
1350 2140 1522 2171 desiderat
1537 2139 1583 2171 L:

247 2181 421 2212 desideret
447 2181 581 2213 Ernesti
712 2185 752 2215 18
774 2184 926 2224 anquirit
954 2183 1041 2216 codd.
1070 2184 1168 2215 dett.:
1204 2184 1351 2223 adquirit
1376 2182 1480 2215 FPM
1490 2195 1498 2214 z
1532 2194 1584 2215 ac-

246 2225 359 2264 quirat
384 2225 448 2257 0¹:
487 2226 632 2266 acquirit
659 2226 702 2258 0²
856 2228 1088 2268 reprehendat
1118 2228 1236 2269 vulga:
1269 2228 1464 2268 prehendat
1490 2226 1582 2259 OM:

247 2270 392 2307 prendat
409 2269 472 2299 FP
631 2281 670 2310 19
693 2281 758 2302 nec
775 2271 851 2303 dico
867 2272 896 2302 L
911 2283 918 2303 :
943 2282 1014 2302 non
1032 2272 1107 2303 dico
1123 2270 1258 2311 Sauppe
1417 2282 1461 2302 20
1481 2281 1584 2311 quam

246 2312 355 2350 ipsam
379 2312 522 2344 includit
544 2313 656 2345 Beier:
685 2325 785 2354 quam
808 2315 883 2355 ipse
906 2315 1051 2347 includit
1073 2316 1123 2347 L:
1153 2325 1220 2355 qua
1243 2315 1278 2345 in
1301 2314 1376 2355 ipsa
1399 2315 1585 2346 includitur

244 2354 389 2395 Stangl:
426 2357 459 2387 in
484 2367 585 2396 quam
614 2357 722 2397 ipsam
750 2359 935 2390 includitur
960 2359 1075 2390 Bake:
1109 2369 1208 2399 quam
1235 2359 1309 2399 ipsa
1336 2358 1417 2390 finis
1440 2358 1584 2390 includit

244 2398 368 2430 Schutz
500 2411 540 2432 21
564 2401 668 2433 licere
684 2402 772 2444 vulg.
790 2414 797 2436 :
822 2403 939 2435 liceret
954 2401 984 2433 L
