1696 2730
175 133 274 171 1137
576 126 635 164 M.
675 126 847 165 TVLLI
887 126 1199 167 CICERONIS

230 235 395 275 oratoris
415 251 535 288 quem
555 237 767 278 informare
782 240 966 278 volumus
986 247 1026 279 et
1045 241 1096 280 de
1116 254 1198 291 quo
1213 240 1400 280 molimur
1417 240 1568 292 aliquid

168 310 211 338 12
230 302 461 353 exquisitius
492 303 634 343 dicere.
692 305 759 344 Ab
792 306 867 344 hac
905 313 944 344 et
973 306 1186 345 verborum
1224 306 1340 358 copia
1376 305 1492 346 alitur
1529 314 1568 346 et

229 381 368 407 eorum
406 370 649 409 constructio
688 377 727 409 et
764 384 953 410 numerus
991 370 1173 411 liberiore
1214 373 1389 422 quadam
1430 372 1569 411 fruitur

170 433 399 483 381icentia.
460 437 588 474 Datur
620 435 738 474 etiam
768 435 884 475 venia
909 436 1178 476 'concinnitati
1211 437 1495 476 sententiarum
1529 445 1568 477 et

228 499 356 550 arguti
390 500 565 550 certique
596 508 635 540 et
666 500 953 553 circumscripti
986 503 1198 541 verborum
1226 502 1400 542 ambitus
1428 515 1568 542 conce·
1587 523 1605 556 5

230 565 389 613 duntur,
412 567 463 604 de
482 565 755 616 industriaque
776 580 858 606 non
879 580 927 606 ex
946 566 1099 606 insidiis
1120 568 1191 607 sed
1210 575 1344 619 aperte
1369 581 1417 607 ac
1436 569 1567 619 palam

230 630 463 679 elaboratur,
486 638 529 670 ut
554 632 674 671 verba
693 632 822 671 verbis
852 632 965 683 quasi
994 634 1186 672 demensa
1212 640 1251 672 et
1277 632 1386 684 paria
1410 646 1570 684 respon-

230 696 363 744 deant,
403 704 446 735 ut
484 697 622 736 crebro
661 698 914 736 conferantur
952 698 1171 749 pugnantia
1208 705 1569 750 comparenturque

229 760 424 800 contraria
461 769 500 800 et
538 769 581 800 ut
619 761 762 813 pariter
800 770 974 802 extrema
1013 763 1274 803 terminentur
1313 765 1568 815 eundemque

229 827 399 865 referant
427 826 468 865 in
498 829 681 867 cadendo
711 841 881 876 sonum;
914 842 1017 878 quae
1044 828 1085 867 in
1108 828 1271 868 veritate
1298 842 1506 868 causarum
1529 836 1569 869 et
1590 849 1629 871 10

229 891 351 930 rarius
376 894 502 931 multo
531 893 697 932 facimus
727 900 766 931 et
794 901 900 932 certe
929 893 1135 932 occultius.
1196 895 1246 932 In
1273 894 1569 934 Panathenaico

229 965 363 996 autem
395 959 589 997 Isocrates
623 972 670 997 ea
697 972 735 996 se
763 958 940 998 studiose
974 967 1249 999 consectatum
1282 961 1449 1009 fatetur3
1486 973 1568 1000 non

229 1022 336 1061 enirn
367 1024 419 1061 ad
448 1023 685 1063 iudiciorum
715 1032 926 1072 certamen,
955 1026 1026 1065 sed
1057 1027 1113 1064 ad
1140 1027 1385 1077 voluptatem
1413 1025 1568 1065 aurium

169 1109 208 1143 39
229 1088 447 1139 scripserat.
509 1091 625 1129 Haec
658 1097 846 1129 tractasse
871 1092 1214 1141 Thrasymachum
1249 1091 1568 1132 Calchedonium

228 1153 401 1203 primum
439 1161 478 1193 et
512 1154 755 1193 Leontinum
786 1155 916 1194 ferunt
948 1155 1146 1206 Gorgiam,
1180 1157 1440 1196 Theodorum
1472 1155 1568 1197 inde
1590 1175 1626 1206 15

230 1219 464 1269 Byzantium
494 1221 722 1270 multosque
750 1219 860 1268 alios,
883 1234 983 1271 quos
1010 1222 1304 1275 λογοδαιδάλους
1328 1223 1500 1273 appellat
1525 1221 1566 1261 in

231 1285 413 1324 Phaedro
434 1286 639 1334 Socrates;
669 1299 839 1336 quorum
860 1286 953 1326 satis
973 1295 1110 1338 arguta
1129 1289 1265 1336 multa,
1287 1289 1358 1327 sed
1378 1295 1422 1327 ut
1445 1289 1568 1328 modo

229 1349 483 1400 primumque
503 1350 707 1390 nascentia
733 1350 887 1391 minuta
912 1359 952 1391 et
971 1353 1254 1392 versiculorum
1284 1353 1427 1392 similia
1452 1367 1568 1404 quae-

229 1417 322 1454 dam
362 1415 610 1467 nimiumque
649 1417 817 1468 depicta.
896 1419 989 1467 Quo
1032 1419 1155 1470 magis
1194 1427 1286 1459 sunt
1332 1420 1567 1459 Herodotus

228 1479 567 1530 Thucydidesque
605 1480 828 1530 mirabiles3
866 1496 1036 1533 quorum
1074 1491 1181 1523 aetas
1219 1497 1311 1523 cum
1349 1483 1390 1523 in
1429 1497 1566 1524 eorum
1588 1506 1629 1527 20

229 1552 409 1596 tempora
447 1559 548 1596 quos
581 1546 785 1586 nominavi
815 1547 1030 1596 incidisset,
1066 1549 1295 1600 longissime
1328 1556 1462 1589 tamen
1492 1549 1568 1602 ipsi

229 1624 253 1649 a
276 1610 421 1650 talibus
451 1611 602 1651 deliciis
629 1614 691 1652 vel
720 1612 852 1664 potius
882 1613 1040 1665 ineptiis
1069 1616 1262 1654 afuerunt.
1321 1616 1433 1655 Alter
1460 1615 1568 1655 enim

229 1676 314 1716 sine
340 1676 429 1715 ullis
456 1676 618 1716 salebris
645 1678 758 1728 quasi
787 1680 947 1718 sedatus
976 1679 1104 1719 amnis
1131 1680 1227 1729 fluit,
1249 1682 1346 1720 alter
1371 1680 1569 1721 incitatior

230 1743 351 1781 fertur
370 1750 409 1781 et
429 1744 480 1782 de
506 1742 658 1782 bellicis
684 1744 802 1783 rebus
802 1743 935 1799 Qt
958 1744 1077 1784 etiam
1105 1747 1281 1796 quodam
1310 1747 1434 1786 modo
1460 1746 1569 1787 belli-

230 1821 347 1857 cum;
376 1808 593 1860 primisque
619 1809 671 1848 ab
697 1809 769 1858 his,
792 1817 835 1849 ut
860 1810 915 1850 ait
941 1812 1252 1863 TheophrastuS,
1274 1811 1437 1851 historia
1461 1826 1568 1852 com-
1587 1831 1626 1862 25

232 1881 341 1913 mota
371 1881 440 1922 est,
472 1882 516 1914 ut
545 1876 709 1914 auderet
737 1875 898 1915 uberius
927 1890 1047 1928 quam
1077 1877 1296 1928 superiores
1325 1885 1364 1917 et
1392 1877 1567 1918 ornatius

168 1919 213 2010 ΣΞ
231 1939 374 1979 dicere.
454 1942 613 1980 Horum
660 1941 779 1980 aetati
826 1943 1015 1982 successit
1063 1945 1270 1992 Isocrates,
1310 1943 1379 1995 qui
1416 1951 1569 1996 praeter

230 2013 382 2044 ceteros
410 2005 589 2046 eiusdem
610 2007 764 2058 generis
784 2009 968 2047 laudatur
987 2022 1143 2060 semper
1162 2023 1186 2049 a
1204 2009 1332 2058 nobis,
1355 2024 1438 2050 non
1457 2023 1570 2049 num-

230 2084 361 2121 quam,
381 2073 516 2120 Brute,
531 2072 671 2111 leniter
691 2080 730 2112 et
750 2073 903 2113 erudite
920 2082 1165 2125 repugnante
1185 2082 1223 2115 te
1237 2090 1248 2124 3
1276 2076 1348 2115 sed
1368 2076 1567 2115 concedas

228 2135 326 2174 mihi
346 2138 524 2185 fortasse,
544 2136 576 2176 si
597 2136 694 2188 quid
720 2137 761 2177 in
782 2151 830 2178 eo
857 2140 1018 2179 laudem
1045 2139 1287 2191 cognoveris.
1348 2141 1452 2179 Nam
1473 2154 1565 2192 cum
1586 2155 1629 2187 30

272 2249 292 2279 5
315 2240 458 2280 argutiis
475 2240 596 2272 maluit
610 2241 799 2282 Heerdegen
895 2243 917 2273 6
940 2253 984 2274 ex
1000 2242 1152 2275 Nonius:
1178 2253 1219 2275 ea
1235 2243 1264 2274 L
1362 2254 1381 2284 7
1405 2244 1569 2277 demensa

227 2284 379 2315 Nonius:
399 2285 593 2316 dimensaL
683 2286 704 2316 8
727 2286 949 2318 conserantur
963 2311 970 2318 .
994 2309 1004 2319 .
1020 2311 1028 2318 .
1050 2292 1359 2328 comparenturque
1370 2287 1569 2320 Manutius:

228 2327 408 2358 conferant
424 2352 432 2359 .
453 2352 484 2360 ..
504 2335 773 2369 comparentque
790 2330 818 2360 L
960 2341 981 2370 9
1005 2335 1039 2362 et
1067 2335 1104 2362 ut
1131 2330 1222 2363 codd.
1249 2331 1323 2363 dett.
1342 2342 1350 2362 :
1374 2336 1409 2363 et
1432 2336 1490 2363 aut
1513 2330 1569 2363 L:

227 2375 286 2401 aut
301 2371 419 2402 crebro
435 2395 443 2403 .
465 2397 472 2403 .
490 2395 498 2403 .
520 2372 587 2414 [et]
610 2377 668 2404 aut
685 2372 872 2414 Heerdegen
1030 2384 1069 2405 12
1092 2385 1131 2406 se
1152 2374 1227 2407 add.
1257 2376 1348 2417 vulg.
1528 2385 1568 2415 13

227 2415 270 2445 ad
287 2414 363 2445 add.
382 2415 471 2456 vulg.
594 2427 638 2456 29
662 2418 835 2449 concedas
856 2417 1062 2460 Heerdegen:
1098 2419 1218 2450 credas
1241 2419 1292 2450 L:
1326 2419 1448 2451 credes
1471 2419 1562 2452 codd.

226 2457 322 2490 dett.:
347 2459 449 2490 cedes
471 2459 604 2491 Ernesti
