1696 2730
666 127 904 168 ORATOR
1401 127 1459 175 46
1478 130 1541 176 156

124 239 234 291 Quid
252 252 388 278 verum
408 237 458 278 sit
476 237 663 289 intellego
676 251 688 286 3
720 237 791 277 sed
810 235 906 276 alias
925 235 980 276 ita
998 237 1140 286 loquor
1158 242 1202 274 ut
1222 248 1458 275 eoncessum

123 312 194 360 est,
221 311 266 343 ut
293 305 371 343 hoc
401 301 500 357 [vel]
530 316 602 354 pro
631 303 753 342 deum
781 301 874 342 dico
899 302 961 341 vel
989 314 1061 352 pro
1089 302 1271 349 deorum,
1289 300 1385 340 alias
1414 307 1458 341 ut

59 415 67 419 g
123 382 286 409 necesse
312 375 382 417 est,
412 382 507 408 cnm
528 367 653 407 ‘trium
679 367 818 415 virum,
847 380 930 406 non
958 365 1144 414 virorum,
1167 372 1206 404 et
1235 365 1456 405 sestertium

123 448 347 482 nummum,
367 447 449 473 non
476 433 744 473 sestertiorum
774 445 1042 480 nummorum,
1068 431 1179 483 quod
1207 430 1248 470 in
1277 430 1337 470 his
1367 444 1458 470 con-

86 511 104 545 5
122 500 293 539 suetudo
312 498 417 538 varia
436 512 519 538 non
537 505 607 538 est.

177 563 287 614 Quid
324 564 434 614 quod
472 562 528 602 sic
565 561 687 613 loqui,
721 574 850 609 nosse,
886 560 1082 600 iudicasse
1119 566 1263 608 vetant,
1299 559 1457 599 novisse

121 628 260 669 iubent
279 636 318 669 et
337 627 603 668 iudicavisse?
636 626 749 678 quasi
773 639 867 666 vero
895 625 1118 666 nesciamus
1144 624 1186 663 in
1211 625 1288 664 hoe
1314 638 1457 675 genere

121 701 160 734 et
179 695 343 746 plenum
361 694 526 733 verbum
545 700 651 732 recte
670 691 750 732 dici
769 698 808 732 et
827 690 1083 731 imminutum
1103 690 1256 730 usitate.
1316 692 1458 742 Itaque

122 767 334 810 utrumque
353 758 562 798 Terentius
582 773 590 797 :

67 834 108 857 10
231 826 308 864 eho
337 832 390 872 tu,
421 830 635 875 cognatum
663 830 775 863 tuom
804 835 887 862 non
915 823 1068 862 noras?

123 897 214 942 post
232 889 340 929 idem

1473 543 1528 582 47

1477 600 1540 636 157

622 953 842 1004 Stilponem
871 951 1034 1002 inquam
1063 964 1239 990 noveras.

122 1019 233 1060 Sient
268 1021 431 1071 plenum
470 1025 539 1066 est,
575 1017 653 1057 sint
686 1017 940 1057 imminutum
955 1031 966 1066 3
1004 1016 1096 1056 licet
1128 1023 1238 1056 utare
1275 1022 1453 1067 utroque.

124 1086 229 1136 Ergo
248 1084 399 1124 ibidem
415 1099 423 1123 :

68 1167 107 1202 ¹5
231 1163 334 1201 quae
362 1162 483 1200 quam
513 1148 591 1187 sint
619 1161 709 1187 cara
737 1155 827 1199 post
855 1147 1028 1186 carendo
1057 1146 1299 1196 intellegunt,

231 1228 431 1266 quamque
459 1212 655 1253 attinendi
685 1212 817 1264 magni
846 1211 1073 1252 dominatus
1103 1210 1215 1251 sient.

123 1281 211 1320 Nec
230 1293 323 1319 vero
342 1278 663 1331 reprehenderim

230 1345 420 1396 scripsere
447 1344 512 1384 alii
541 1358 623 1383 rem

124 1418 163 1452 et
191 1410 430 1462 scripserunt
457 1423 543 1449 esse
570 1408 698 1448 verius
727 1407 867 1456 sentio,
889 1408 960 1447 sed
988 1405 1268 1447 consuetudini
1296 1405 1455 1446 auribus

66 1492 109 1516 20
125 1477 345 1528 indulgenti
363 1476 531 1516 libenter
549 1476 759 1526 obsequor.

232 1543 360 1582 isdem
390 1555 553 1592 campus
582 1542 703 1580 habet

122 1608 251 1659 inquit
280 1607 458 1654 Ennius3
490 1614 529 1646 et
557 1606 598 1645 in
627 1604 810 1656 templis:
845 1604 1033 1643 EIDEM
1064 1603 1376 1651 PROBAV1T3
1416 1609 1457 1641 at

123 1673 249 1713 isdem
283 1680 364 1712 erat
396 1671 535 1719 verius,
571 1685 646 1710 nec
683 1678 817 1709 tamen
855 1669 1006 1709 eisdem
1036 1675 1080 1707 ut
1113 1667 1311 1718 opimius‚·
1353 1668 1456 1707 male

124 1739 292 1779 sonabat
310 1738 462 1777 isdem:
499 1736 751 1786 impetratum
780 1742 839 1774 est
861 1748 885 1773 a
910 1732 1200 1772 consuetudine
1226 1739 1269 1771 ut
1292 1745 1456 1783 peccare

68 1816 108 1849 ²5
124 1803 325 1844 suavitatis
353 1815 472 1842 causa
499 1801 643 1840 liceret.
703 1802 754 1839 Et
773 1798 1084 1850 posmeridianas
1103 1797 1311 1848 quadrigas
1335 1810 1456 1848 quarn

124 1868 453 1923 postmeridianas
471 1867 726 1918 quadriiugas
747 1864 933 1904 libentius
956 1862 1121 1903 dixerim
1145 1870 1184 1902 et
1210 1876 1274 1902 me
1297 1864 1456 1903 hercule

0 1959 3 2004 l
170 1983 190 2005 2
212 1973 266 2005 vel
282 1983 346 2004 om.
359 1971 392 2003 A
497 1982 517 2011 4
541 1970 777 2002 sestertiorum
787 1968 885 2000 Itali:
908 1968 1104 1999 sestertium
1118 1967 1151 1998 A
1167 1978 1175 1999 :
1197 1977 1262 1998 om.
1279 1965 1308 1997 L
1415 1976 1456 1998 10

126 2022 308 2058 cognatum
335 2016 425 2047 AL:
460 2015 635 2046 sobn'num
669 2013 790 2045 Terent.
817 2012 956 2044 Phorm.
1108 2021 1146 2051 13
1170 2011 1260 2042 sient
1285 2034 1292 2042 .
1318 2034 1326 2042 .
1354 2033 1362 2042 .
1385 2010 1455 2042 sint

124 2061 332 2102 Heerdegen:
362 2061 391 2092 si
414 2063 449 2090 et
473 2082 482 2091 .
500 2083 508 2092 .
523 2082 531 2091 .
558 2056 686 2089 sientL
702 2068 709 2088 :
739 2056 792 2087 sin
809 2081 817 2089 .
836 2079 844 2087 .
863 2080 870 2087 .
887 2056 941 2087 sin
964 2054 998 2086 A
1136 2065 1175 2094 14
1199 2064 1281 2095 ergo
1297 2066 1314 2082 ιι
1328 2053 1454 2085 ibidem

122 2105 218 2144 Jahn
236 2107 347 2146 poetae
369 2112 488 2134 nomen
510 2100 661 2132 excidisse
679 2100 886 2141 suspicatusz
915 2098 994 2130 alibi
1014 2098 1128 2130 rectius
1149 2108 1214 2129 esse
1235 2097 1315 2129 vidit
1330 2096 1458 2138 Stangl

128 2158 167 2189 15
189 2158 277 2189 quae
294 2157 393 2188 quam
410 2147 478 2178 sint
494 2156 572 2177 cara
587 2143 722 2175 Ribbeck
736 2154 743 2174 :
767 2153 866 2183 quam
883 2153 961 2174 cara
975 2142 1044 2174 sint
1054 2152 1142 2182 quae
1151 2141 1219 2172 AL
1308 2142 1454 2172 carendo

125 2192 240 2223 FPO:
263 2191 410 2222 carenda
427 2190 624 2221 Lachmann
640 2199 647 2219 :
670 2187 810 2219 carendi
824 2186 858 2217 A
989 2187 1029 2216 16
1044 2185 1152 2216 scient
1168 2183 1236 2215 AL
1357 2194 1397 2224 19
1419 2189 1455 2216 et

125 2245 194 2267 om.
214 2235 326 2274 Quint.
345 2246 354 2266 ι
376 2234 440 2265 etsi
456 2232 644 2264 Lambinus
741 2239 778 2261 21
804 2230 911 2261 isdem
927 2228 1016 2261 codd.
1031 2228 1126 2260 dett.:
1151 2228 1239 2259 idem
1256 2227 1322 2259 AL
1411 2237 1454 2259 22

127 2279 237 2311 eidem
254 2277 441 2319 Heerdegen
458 2287 466 2308 :
490 2276 580 2308 idem
595 2274 662 2306 AL
795 2282 838 2313 23
860 2273 967 2304 isdem
985 2272 1014 2304 L
1031 2284 1039 2304 ι
1062 2272 1192 2304 eisdem
1209 2272 1241 2303 Α
1323 2270 1454 2303 eisdem

157 2345 165 2355 .
184 2346 192 2355 .
218 2322 348 2354 eisdem
364 2321 421 2352 A:
445 2321 552 2352 isdem
575 2343 583 2351 .
602 2342 610 2351 .
632 2342 638 2350 .
664 2318 772 2349 isdem
797 2317 825 2348 L
849 2327 927 2349 corr.
953 2315 1142 2356 Heerdegen
1310 2323 1352 2354 25
1376 2324 1454 2354 pos-

129 2366 330 2398 meridianas
350 2363 458 2396 Velius
473 2363 580 2405 Long.
598 2372 630 2403 p.
647 2371 731 2403 2237
747 2373 755 2393 :
777 2359 1028 2402 pomeridianas
1043 2359 1110 2391 AL
1256 2358 1300 2390 26
1322 2358 1454 2400 quadri·

128 2409 226 2450 iugas
241 2408 316 2441 add.
334 2407 524 2440 Doederlein
