1696 2730
699 135 936 176 ORATOR
1430 145 1488 184 39
1510 150 1570 183 135

154 246 311 288 ducitur
336 245 492 298 saepius
520 245 646 286 oratio
670 253 739 285 aut
758 245 799 285 in
825 244 931 286 idem
958 245 1152 286 conicitur
1174 253 1242 284 aut
1261 253 1486 297 utrumque,

152 321 222 352 aut
252 312 479 363 adiungitur
506 312 613 351 idem
642 311 824 351 iteratum
857 318 926 350 aut
958 311 1065 351 idem
1096 312 1148 350 ad
1181 318 1398 350 extremum
1432 325 1487 350 re-

153 379 274 418 fertur
291 385 359 417 aut
374 377 623 417 continenter
642 391 766 416 unum
782 378 946 416 verbum
967 390 1049 416 non
1069 376 1110 416 in
1129 377 1270 416 eadem
1291 376 1486 416 sententia

153 443 312 495 ponitur
325 458 336 492 ς
367 451 436 482 aut
460 456 553 482 cum
579 442 758 482 similiter
779 444 842 481 vel
867 444 1016 482 cadunt
1041 442 1161 481 verba
1186 443 1248 481 vel
1274 441 1462 481 desinunt
1476 456 1486 490 ς

113 518 133 551 5
153 516 220 548 aut
239 521 331 547 cum
358 515 449 547 sunt
467 507 671 547 contrariis
697 509 818 546 relata
842 507 1038 547 contraria
1050 522 1061 556 3
1089 514 1157 546 aut
1176 520 1268 546 cum
1291 506 1483 558 gradatim

151 586 306 612 sursum
335 586 469 612 versus
501 572 673 622 reditur3
704 580 774 611 aut
802 586 894 612 cum
928 571 1101 623 demptis
1134 571 1485 612 coniunctionibus

150 638 343 678 dissolute
362 640 474 689 plura
493 638 702 687 dicuntur;
729 645 798 676 aut
817 651 910 677 cum
933 637 1084 688 aliquid
1103 644 1396 688 praetereuntes
1417 651 1486 676 cur

150 701 193 743 id
218 703 408 742 faciamus
433 702 682 743 ostendimus
696 718 707 752 ς
734 711 804 742 aut
824 716 917 742 cum
943 702 1174 753 corrigimus
1201 710 1358 741 nosmet
1377 702 1484 753 ipsos

150 768 264 819 quasi
290 770 624 819 reprehendentes
638 782 649 817 3
678 776 746 807 aut
772 768 804 807 si
829 775 889 808 est
914 768 1047 819 aliqua
1071 767 1305 807 exclamatio
1331 769 1393 806 vel
1418 769 1486 807 ad-

93 850 134 874 ro
151 833 369 874 mirationis
390 836 452 874 vel
471 834 690 885 questionis
707 849 719 883 3
757 841 827 873 aut
851 847 944 873 cum
971 833 1150 873 eiusdem
1176 832 1349 872 nominis
1370 846 1483 872 casus

149 899 307 950 saepius
327 907 632 938 commutantur.

203 965 283 1003 Sed
312 964 595 1003 sententiarum
625 971 858 1004 ornamenta
885 962 1035 1003 maiora
1067 970 1159 1002 sunt
1173 977 1184 1012 3
1218 962 1363 1014 quibus
1389 961 1482 1014 quia
1502 964 1562 1007 136

148 1029 465 1079 frequentissime
486 1030 780 1068 Demosthenes
806 1029 937 1076 utitur,
960 1035 1052 1067 sunt
1074 1028 1143 1079 qui
1168 1036 1310 1079 putent
1332 1027 1480 1067 idcirco

147 1094 232 1134 eius
258 1094 527 1145 eloquentiam
554 1093 724 1133 maxime
746 1107 833 1134 esse
858 1093 1110 1133 laudabilem.
1170 1095 1222 1132 Et
1237 1107 1329 1132 vero
1349 1095 1480 1132 nullus

90 1173 132 1208 15
148 1160 227 1199 fere
259 1161 311 1199 ab
347 1173 397 1199 eo
435 1161 546 1198 locus
583 1159 668 1198 sine
701 1161 875 1210 quadam
909 1158 1224 1198 conformatione
1261 1158 1480 1198 sententiae

146 1224 313 1273 dieitur3
341 1238 416 1264 nec
436 1224 650 1275 quicquam
676 1232 737 1264 est
755 1224 864 1263 aliud
884 1223 1016 1263 dicere
1039 1223 1115 1262 nisi
1134 1223 1265 1263 omnis
1287 1230 1355 1262 aut
1375 1232 1479 1263 certe

145 1290 352 1340 plerasque
384 1289 517 1340 aliqua
549 1289 681 1340 specie
709 1289 945 1328 inluminare
978 1288 1216 1328 sententias:
1254 1301 1352 1339 quas
1385 1302 1478 1328 cum

144 1362 188 1394 tu
217 1355 379 1406 optime,
411 1357 542 1403 Brute,
578 1362 723 1403 teneas,
754 1354 852 1405 quid
889 1354 1030 1394 attinet
1062 1352 1291 1393 nominibus
1323 1353 1380 1392 uti
1409 1361 1478 1393 aut

144 1420 363 1471 exemplis?
400 1421 576 1459 Tantum
607 1420 730 1459 modo
760 1427 919 1459 notetur
948 1421 1070 1459 locus.
1131 1418 1196 1458 Sic
1225 1418 1341 1469 igitur
1370 1418 1477 1458 dicet

87 1500 130 1524 ιο
145 1484 223 1534 ille,
242 1499 362 1536 quern
390 1484 621 1536 expetimus,
646 1491 691 1524 ut
715 1492 842 1524 verset
867 1498 986 1536 saepe
1014 1483 1148 1523 multis
1176 1483 1306 1522 modis
1336 1485 1477 1523 eadem

144 1558 185 1590 et
210 1564 289 1589 una
317 1550 357 1589 in
386 1564 427 1589 re
455 1552 614 1589 haereat
642 1549 683 1588 in
712 1551 933 1600 eademque
961 1556 1230 1589 commoretur
1258 1548 1454 1587 sententia
1468 1563 1478 1597 3

143 1629 262 1666 saepe
290 1615 409 1655 etiam
437 1623 482 1654 ut
506 1622 693 1654 extenuet
717 1614 878 1666 aliquid,
904 1628 1022 1666 saepe
1047 1621 1091 1653 ut
1117 1613 1286 1653 inrideat
1299 1627 1310 1662 3
1343 1620 1387 1652 ut
1412 1615 1478 1653 de-

142 1680 264 1719 clinet
300 1694 325 1719 a
361 1679 565 1731 proposito
603 1680 867 1730 deflectatque
905 1679 1142 1719 sententiam
1156 1693 1168 1727 3
1204 1686 1248 1717 ut
1280 1686 1477 1729 proponat

143 1745 240 1796 quid
260 1745 437 1785 dicturus
463 1744 537 1794 sit3
565 1752 622 1794 ut,
641 1758 733 1784 cum
754 1744 983 1796 transegerit
1002 1744 1080 1783 iam
1103 1742 1268 1794 aliquid,
1287 1742 1476 1792 definiat3

1493 1395 1550 1433 40

1498 1456 1509 1478 1
1519 1454 1559 1489 37

188 1858 202 1879 1
228 1848 394 1881 conicitur
408 1847 496 1880 AL:
522 1847 743 1880 committitur
767 1848 879 1889 Quint.
906 1848 973 1881 md.
997 1847 1058 1879 M:
1079 1846 1295 1879 concluditur
1315 1845 1476 1888 Pluygers

140 1902 163 1934 3
187 1893 220 1924 in
238 1893 358 1924 eadem
373 1892 442 1923 AL
458 1903 466 1924 ε
489 1893 607 1924 eadem
626 1892 764 1932 Quintil.
917 1901 937 1932 5
961 1901 1035 1923 eum
1051 1896 1133 1924 sunt
1148 1890 1183 1922 A
1200 1901 1207 1921 ε
1233 1890 1347 1922 multis
1363 1891 1473 1922 modis

141 1935 172 1968 L
190 1936 328 1976 Quintil.
347 1948 353 1967 :
377 1946 452 1967 cum
470 1936 683 1967 cumulantur
694 1936 814 1974 Jahn:
837 1945 913 1967 cum
933 1935 1112 1967 cumulatis
1128 1933 1320 1965 Mommsen
1451 1935 1473 1965 6

143 1980 272 2012 reditur
292 1978 382 2011 AL:
405 1979 473 2010 itur
497 1985 532 2010 et
555 1979 687 2010 reditur
709 1979 855 2020 Kayser:
884 1980 951 2010 itur
972 1978 1132 2019 Sandys:
1165 1982 1326 2018 retroque
1348 1977 1473 2009 dicitur

147 2023 297 2055 Vollbehr
453 2034 475 2063 9
498 2023 698 2054 exclamatio
722 2023 755 2054 A
786 2023 923 2063 Quint.:
954 2022 1149 2063 explanatio
1165 2020 1196 2052 L
1331 2030 1370 2052 10
1394 2031 1473 2052 con-

141 2067 331 2108 questionis
346 2077 422 2097 cum
437 2066 529 2098 codd.
545 2066 618 2098 dett.
637 2067 758 2098 maluit
773 2066 963 2097 Lambinus
1083 2075 1122 2104 13
1146 2065 1251 2096 utitur
1272 2063 1306 2094 A
1326 2076 1334 2096 :
1358 2069 1473 2096 utatur

142 2109 173 2141 L
199 2114 230 2141 et
253 2110 343 2142 codd.
382 2109 496 2150 Quint.
528 2109 604 2141 ΒΜ
705 2114 827 2150 putent
849 2109 908 2141 A:
943 2114 1064 2150 putant
1093 2108 1125 2139 L
1281 2109 1321 2139 16
1343 2108 1408 2139 nisi
1434 2110 1467 2140 A

142 2153 257 2195 Quint.
273 2165 282 2186 ε
305 2154 370 2184 nisi
388 2164 487 2194 quam
504 2158 563 2184 aut
576 2152 606 2183 L
620 2165 628 2185 ε
652 2153 716 2185 nisi
731 2158 788 2185 aut
803 2153 892 2185 codd.
906 2152 981 2185 dett.
1091 2162 1136 2183 ρο
1158 2151 1276 2183 eadem
1287 2155 1321 2182 et
1334 2151 1448 2191 Quint.
1463 2163 1471 2183 :

141 2198 284 2230 eandem
299 2203 333 2228 et
349 2197 382 2227 A
400 2209 407 2229 z
430 2198 551 2228 eadem
569 2201 605 2228 ut
621 2196 651 2227 L
749 2207 789 2228 21
814 2207 882 2228 una
898 2197 931 2227 in
949 2207 986 2227 re
1001 2196 1116 2237 vulg.:
1140 2195 1175 2226 in
1192 2205 1260 2226 una
1275 2205 1312 2226 re
1329 2195 1444 2234 Quint.
1462 2206 1470 2226 z

141 2251 243 2273 unam
266 2251 337 2272 rem
354 2241 388 2271 A
408 2252 416 2272 ε
451 2251 551 2272 unam
576 2241 610 2272 in
638 2251 710 2272 rem
741 2239 772 2271 L
860 2240 894 2272 in
922 2240 1110 2279 eademque
1135 2244 1362 2270 commoretur
1391 2248 1469 2270 sen·

142 2286 249 2317 tentia
270 2284 383 2325 Quint.
403 2295 411 2316 ι
438 2288 472 2315 et
495 2285 529 2315 in
553 2285 698 2316 eandem
725 2289 953 2316 commoretur
973 2283 1180 2315 sententiam
1204 2281 1259 2314 L:
1291 2282 1326 2313 in
1349 2282 1469 2313 eadem

140 2333 433 2368 commoreturque
457 2329 629 2360 sententia
652 2328 686 2359 A
718 2327 798 2370 (Iul.
828 2327 905 2360 Vm.
924 2337 956 2368 p.
973 2326 1052 2368 433)
