1630 2730
20 170 29 219 i
673 155 893 195 BRVTVS
1405 165 1456 205 73
1478 173 1542 206 ²54

120 268 215 316 laus,
237 268 308 307 sed
328 266 447 307 etiam
467 267 571 307 bene
597 267 780 307 meritum
805 268 857 307 de
880 266 1018 319 populi
1039 267 1214 307 Romani
1233 267 1396 307 nomine
1416 276 1455 308 et

118 332 319 384 dignitate.
378 327 473 382 Quo
501 332 608 373 enim
637 346 719 373 uno
745 332 1003 373 vincebamur
1029 346 1053 372 a
1080 332 1184 372 victa
1211 333 1388 382 Graecia,
1414 334 1455 373 id

117 405 186 437 aut
211 405 390 448 ereptum
415 397 490 437 illis
513 405 573 437 est
597 405 665 437 aut
691 405 796 438 certe
825 397 942 437 nobis
967 411 1060 437 eum
1086 397 1162 437 illis
1188 399 1456 438 communica-

32 510 33 513 *
117 470 214 502 tum.
273 465 394 503 Hanc
424 471 570 512 autem,
602 463 741 515 inquit,
773 464 937 515 gloriam
969 463 1323 516 testimoniumque
1358 466 1455 506 Cae·
1476 471 1539 505 ²55

25 532 39 558 ⁵¹
80 541 98 573 5
117 528 212 568 saris
242 536 333 568 tuae
364 529 528 580 quidem
566 529 849 581 supplicationi
879 543 973 579 non,
1008 531 1080 569 sed
1117 529 1326 581 triumphis
1358 532 1455 570 mul-

28 586 30 589 ’
117 602 246 634 torum
269 602 482 645 antepono.
542 596 595 634 Et
617 603 723 635 recte
747 595 921 646 quidem,
946 595 1122 646 inquam,
1149 597 1298 645 Brute3
1330 598 1454 636 modo

117 659 166 699 sit
203 660 281 699 hoc
319 660 497 700 Caesaris
534 660 667 709 iudici,
707 674 790 700 non
827 661 1130 701 benevolentiae
1167 661 1450 701 testimonium.

117 726 211 764 Plus
230 724 337 765 enim
363 732 469 765 certe
491 725 635 765 adtulit
660 725 753 765 huic
779 727 930 778 populo
956 726 1170 777 dignitatis,
1192 726 1371 778 quisquis
1394 735 1453 766 est

115 790 192 838 ille,
214 790 246 829 si
261 792 385 830 modo
404 798 463 831 est
481 790 633 842 aliquis,
656 790 724 842 qui
743 805 824 830 non
848 791 1068 831 inlustravit
1086 794 1210 832 modo
1237 794 1306 832 sed
1333 793 1453 832 etiam

59 871 99 894 10
115 855 251 907 genuit
270 855 311 895 in
337 857 412 896 hac
437 857 535 896 urbe
558 856 719 897 dicendi
746 857 915 908 copiam,
938 871 1058 909 quam
1084 857 1151 906 illi,
1173 858 1242 909 qui
1263 858 1453 910 Ligurum

116 923 277 962 castella
313 930 657 974 expugnaverunt:
705 936 751 963 ex
789 922 934 974 quibus
972 923 1087 962 multi
1119 931 1223 972 sunt,
1258 931 1302 963 ut
1332 924 1450 973 scitis,

115 987 315 1038 triumphi.
374 990 525 1027 Verum
554 987 717 1039 quidem
747 988 779 1027 si
807 988 944 1028 audire
966 990 1161 1037 volumus,
1193 989 1348 1029 omissis
1377 990 1452 1029 illis
1474 987 1537 1029 256

115 1052 259 1092 divinis
289 1053 474 1101 consiliis,
508 1053 653 1104 quibus
684 1067 802 1105 saepe
833 1053 1048 1094 constituta
1078 1062 1137 1094 est
1170 1054 1452 1106 imperatorum

115 1118 309 1169 sapientia
337 1120 440 1158 salus
470 1119 637 1158 civitatis
665 1127 733 1158 aut
762 1119 856 1159 belli
884 1127 952 1159 aut
981 1119 1103 1168 dorni,
1129 1122 1255 1160 multo
1285 1134 1453 1172 magnus

25 1188 96 1245 j15
115 1191 246 1224 orator
277 1192 448 1236 praestat
481 1184 643 1224 minutis
680 1184 995 1236 imperatoribus.
1056 1187 1132 1225 ‘At
1168 1187 1331 1237 prodest
1364 1188 1452 1238 plus

114 1250 350 1301 imperator.'
407 1250 508 1300 Quis
528 1252 675 1302 negat?
730 1252 809 1291 Sed
830 1258 1103 1291 tamen—non
1127 1259 1264 1292 metuo
1284 1266 1335 1292 ne
1355 1252 1453 1290 mihi

114 1316 340 1355 acclametis
354 1331 364 1365 ,-
393 1324 452 1356 est
477 1323 611 1356 autem
635 1318 744 1367 quod
773 1316 919 1356 sentias
945 1316 1106 1356 dicendi
1134 1316 1256 1356 libere
1287 1318 1453 1357 locus—-

115 1381 250 1420 malim
270 1381 368 1420 mihi
389 1383 434 1421 L.
457 1382 588 1423 Crassi
611 1395 733 1421 unam
757 1395 829 1434 pro
850 1383 918 1422 M'.
943 1382 1065 1423 Curio
1089 1382 1307 1422 dictionem
1331 1396 1452 1433 quam

114 1448 349 1486 castellanos
369 1447 591 1499 triumphos
618 1449 710 1487 duo.
772 1449 850 1487 ‘At
875 1449 964 1499 plus
992 1447 1168 1488 interfuit
1190 1448 1246 1488 rei
1268 1448 1452 1500 publicae

57 1528 99 1551 20
115 1513 320 1552 castellum
351 1513 439 1564 capi
478 1512 667 1564 Ligurum
701 1526 821 1564 quam
855 1513 960 1553 bene
990 1513 1154 1553 defendi
1184 1527 1345 1553 causam
1381 1516 1448 1553 M'.

32 1629 33 1632 Ἴ
116 1577 235 1618 Curi.'
291 1579 424 1619 Credo
437 1593 448 1628 3
491 1580 562 1618 sed
599 1578 905 1618 Atheniensium
944 1592 1106 1630 quoque
1149 1580 1238 1630 plus
1276 1579 1452 1619 interfuit
1474 1587 1534 1621 257

22 1634 38 1682 {l
114 1644 227 1682 firma
250 1651 354 1683 tecta
381 1643 422 1682 in
448 1643 660 1683 domiciliis
679 1644 825 1684 habere
851 1657 972 1695 quam
993 1644 1199 1684 Minervae
1228 1644 1384 1695 signum
1405 1659 1453 1684 ex

24 1685 36 1711 Ξ
114 1709 234 1748 ebore
260 1709 569 1760 pulcherrimum
583 1724 594 1759 3
632 1717 766 1749 tamen
794 1723 868 1761 ego
896 1724 960 1750 me
981 1709 1165 1749 Phidiam
1185 1723 1271 1749 esse
1291 1712 1450 1750 mallem

115 1788 235 1825 quam
259 1776 320 1814 vel
344 1774 540 1825 optimum
569 1775 725 1814 fabrum
754 1775 974 1826 tignarium.
1035 1777 1127 1825 Qua
1152 1789 1193 1815 re
1217 1789 1300 1814 non
1330 1789 1452 1827 quan-

56 1858 96 1891 25
115 1847 199 1879 tum
233 1840 401 1891 quisque
431 1840 564 1891 prosit,
595 1842 665 1880 sed
696 1840 834 1891 quanti
865 1840 1033 1892 quisque
1066 1841 1116 1880 sit
1145 1842 1451 1892 ponderandum

113 1913 173 1945 est
185 1920 197 1954 5
229 1905 457 1956 praesertim
484 1919 575 1945 cum
602 1906 718 1957 pauci
741 1906 902 1957 pingere
930 1906 1083 1958 egregie
1109 1906 1263 1957 possint
1288 1915 1356 1946 aut
1382 1908 1452 1946 fin-

113 1984 212 2022 gere,
242 1971 408 2022 operarii
440 1979 574 2011 autem
607 1978 676 2010 aut
708 1971 829 2010 baiuli
860 1972 1000 2011 deesse
1032 1985 1115 2011 non
1147 1972 1311 2022 possint.
1371 1974 1450 2012 Sed
1469 1953 1533 2037 348

113 2050 242 2087 perge,
265 2036 474 2087 Pomponi,
496 2038 547 2076 de
568 2038 738 2078 Caesare
757 2044 797 2077 et
815 2038 939 2077 redde
959 2050 1062 2089 quae
1081 2044 1239 2077 restant.
1493 2017 1510 2048 ⁵

168 2103 305 2141 Solum
326 2102 501 2153 quidem,
522 2102 651 2153 inquit
670 2102 747 2150 ille,
768 2109 808 2142 et
827 2102 940 2154 quasi
959 2104 1265 2142 fundamentum
1286 2103 1449 2143 oratoris

53 2187 96 2220 30
114 2167 235 2217 vides,
256 2167 501 2208 locutionem
521 2169 775 2208 emendatam
795 2175 834 2208 et
854 2168 1050 2216 Latinam,
1072 2168 1184 2208 cuius
1204 2182 1328 2219 penes
1349 2182 1449 2220 quos

22 334 45 405 {a

23 433 37 489 ἓ,

21 802 30 831 ι,

20 834 28 846 τι

156 2282 176 2312 3
201 2271 297 2304 nobis
314 2282 388 2303 cum
416 2273 483 2304 illis
506 2273 594 2314 vulg.
612 2283 620 2304 τ
645 2272 743 2304 nobis
761 2282 836 2304 cum
853 2272 974 2304 Grecis
992 2273 1025 2304 F
1025 2272 1106 2314 OQ:
1131 2273 1309 2305 nobiscum
1324 2272 1449 2305 Simon

113 2326 134 2356 5
157 2327 228 2347 non
245 2322 323 2348 tuae
338 2316 476 2357 quidem
492 2316 733 2357 supplicationi
747 2317 870 2348 maluit
878 2315 1003 2358 Stangl
1150 2327 1187 2356 17
1213 2317 1318 2349 libere
1329 2317 1425 2356 Jalzn
1441 2330 1448 2350 :

113 2360 200 2402 liber
228 2358 257 2391 L
386 2361 426 2392 18
451 2361 487 2392 L.
516 2371 583 2392 om.
601 2360 638 2400 F,
664 2360 807 2392 damnat
833 2360 971 2392 Martha
1103 2371 1146 2401 24
1170 2360 1353 2402 tignarium
1379 2361 1446 2394 0²:

113 2402 319 2444 tignuarium
337 2404 366 2436 L
