1696 2730
394 580 463 629 M.
515 578 730 627 TVLLI
792 576 1194 627 CICERONIS

313 713 623 762 ORATOR
683 712 788 760 AD
851 714 922 761 M.
979 710 1281 760 BRVTVM

180 865 337 903 VTRVM
375 863 572 903 difficilius
609 871 678 903 aut
715 863 841 902 maius
879 869 982 902 esset
1014 875 1158 912 negare
1195 860 1267 900 tibi
1305 843 1497 925 saepius}

126 929 234 969 idem
263 929 415 980 roganti
441 944 492 969 an
523 930 676 969 efficere
706 928 748 968 id
779 929 888 979 quod
916 941 1071 978 rogares
1100 926 1169 966 diu
1198 928 1459 977 multumque,

0 1009 27 1051 ¹⁴3,
129 995 262 1043 Brute,
287 994 475 1034 dubitavi.
535 997 639 1034 Nam
667 1002 706 1034 et
731 1007 874 1045 negare
903 992 939 1032 ei
966 1006 1086 1044 quem
1112 991 1229 1031 unice
1257 991 1461 1042 diligerem

127 1059 273 1110 cuique
302 1073 367 1099 me
401 1059 646 1099 carissimum
677 1073 763 1099 esse
801 1057 998 1106 sentirem,
1031 1056 1259 1108 praesertim
1294 1064 1333 1096 et
1362 1056 1465 1095 iusta

89 1138 108 1171 5
128 1124 279 1177 petenti
307 1133 347 1164 et
374 1127 574 1176 praeclara
602 1124 787 1176 cupienti,
817 1125 960 1163 durum
989 1123 1210 1162 admodum
1239 1122 1337 1160 mihi
1359 1121 1466 1161 vide-

34 1243 35 1246 Ἴ
128 1191 254 1238 batur,
277 1198 316 1230 et
344 1190 543 1241 suscipere
572 1197 723 1228 tantam
750 1202 843 1236 rem,
867 1195 1057 1239 quantam
1086 1201 1169 1226 non
1198 1188 1321 1227 modo
1347 1188 1467 1226 facul-

6 1257 34 1314 -52'
128 1263 209 1296 tate
228 1255 420 1307 consequi
440 1255 599 1295 difficile
619 1262 722 1294 esset
742 1256 813 1294 sed
834 1254 953 1294 etiam
973 1253 1213 1304 cogitatione
1239 1251 1463 1303 complecti,

20 1310 34 1376 ἦ
129 1320 191 1360 vix
210 1321 427 1360 arbitrabar
445 1334 532 1360 esse
552 1320 636 1360 eius
657 1320 726 1371 qui
745 1327 943 1359 vereretur
962 1318 1310 1370 reprehensionem
1331 1319 1467 1357 docto-

129 1400 215 1426 rum
239 1394 357 1438 atque
384 1386 651 1437 prudentium.
713 1386 822 1436 Quid
849 1385 956 1425 enim
983 1392 1042 1424 est
1069 1384 1196 1423 maius
1219 1397 1351 1434 quam,
1373 1396 1465 1422 cum
1489 1400 1503 1421 2

16 1456 36 1508 3,
72 1463 112 1487 πο
129 1459 238 1491 tanta
265 1451 315 1491 sit
342 1451 444 1491 inter
472 1449 645 1491 oratores
678 1452 808 1491 bonos
837 1449 1130 1497 dissimilitudo,
1162 1448 1336 1488 iudicare
1364 1461 1467 1499 quae

9 1491 46 1608 ξ
129 1516 180 1556 sit
198 1516 350 1568 optima
368 1517 520 1568 species
544 1524 583 1556 et
607 1516 719 1567 quasi
742 1517 865 1567 figura
884 1514 1078 1555 dicendi?
1134 1515 1256 1564 Quod
1277 1513 1466 1564 quoniam

15 1606 45 1655 9

15 1798 58 1826 ’ζ’-ῦς

130 1595 195 1621 me
214 1582 370 1632 saepius
396 1595 518 1633 rogas,
541 1581 744 1633 aggrediar
774 1595 854 1620 non
882 1587 963 1619 tam
992 1579 1224 1631 perficiendi
1251 1593 1320 1629 spe
1347 1592 1467 1629 quam

37 1685 40 1692 ,
79 1642 86 1650 ‘
130 1646 358 1697 experiendi
394 1649 598 1686 voluntate
614 1661 625 1695 ;
672 1648 777 1686 malo
821 1645 943 1694 enim,
980 1658 1072 1684 cum
1115 1644 1247 1684 studio
1286 1652 1355 1683 tuo
1394 1643 1468 1682 sim

130 1712 356 1760 obsecutus,
387 1711 601 1751 desiderari
631 1726 655 1751 a
685 1719 724 1751 te
754 1710 1006 1762 prudentiam
1040 1723 1171 1749 meam
1201 1723 1332 1760 quam,
1365 1708 1397 1747 si
1426 1708 1469 1748 id

62 1785 113 1820 ιε
130 1790 213 1816 non
233 1777 404 1824 fecerim,
426 1776 757 1816 benevolentiam.

185 1842 353 1892 Quaeris
400 1842 516 1893 igitur
561 1842 683 1893 idque
730 1841 808 1880 iam
857 1840 1013 1891 saepius
1061 1840 1171 1891 quod
1218 1838 1469 1890 eloquentiae
1488 1854 1506 1885 3

130 1920 254 1958 genus
285 1907 450 1958 probem
485 1906 656 1946 maxime
687 1913 727 1946 et
755 1907 872 1957 quale
905 1905 1003 1944 mihi
1036 1904 1216 1945 videatur
1248 1903 1359 1953 illud,
1387 1917 1469 1954 quo

130 1972 229 2011 nihil
261 1972 357 2011 addi
390 1971 530 2023 possit,
563 1973 672 2023 quod
711 1985 785 2022 ego
823 1984 1023 2010 summum
1062 1977 1101 2010 et
1138 1968 1468 2021 perfectissimum

131 2037 315 2077 iudicem.
376 2039 425 2076 In
446 2051 527 2089 quo
546 2051 683 2077 vereor
702 2051 763 2084 ne,
786 2036 818 2076 si
837 2035 879 2076 id
899 2037 1010 2088 quod
1028 2035 1087 2075 vis
1106 2036 1274 2075 effecero
1294 2048 1467 2085 eumque

73 2110 115 2134 ²0
132 2110 326 2142 oratorem
359 2116 479 2153 quem
514 2102 669 2154 quaeris
703 2115 939 2153 expressero,
975 2102 1126 2141 tardem
1165 2099 1295 2139 studia
1328 2101 1470 2139 multo-

132 2181 229 2216 rum,
252 2166 320 2219 qu'i
349 2167 626 2219 desperatione
654 2166 848 2207 debilitati
874 2165 1038 2218 experiri
1063 2165 1105 2205 id
1130 2167 1268 2205 nolent
1291 2166 1401 2216 quod
1427 2178 1469 2204 se

133 2232 290 2284 assequi
309 2246 426 2284 posse
446 2233 638 2273 diffidant.
698 2233 778 2272 Sed
803 2245 874 2283 par
895 2239 955 2270 est
981 2230 1110 2271 omnis
1134 2229 1269 2270 omnia
1292 2229 1470 2280 experiri,
1488 2245 1509 2276 4

132 2297 201 2349 qui
225 2310 286 2338 res
310 2311 473 2349 magnas
499 2305 538 2338 et
561 2311 706 2349 magno
730 2310 850 2348 opere
877 2297 1118 2348 expetendas
1142 2294 1466 2346 concupiverunt.

179 2409 218 2439 17
242 2410 309 2440 quo
326 2399 356 2431 L
370 2411 379 2431 τ
402 2400 454 2431 cui
470 2399 559 2432 codd.
575 2399 649 2433 dett.
775 2409 815 2431 21
842 2399 956 2431 nolent
980 2398 1084 2431 FPM
1093 2411 1100 2431 z
1122 2402 1153 2430 et
1168 2398 1349 2431 Columella
1365 2398 1410 2430 R.
1426 2397 1471 2429 R.

135 2443 156 2476 ἰ.
169 2444 275 2487 praef.
291 2445 334 2475 28
348 2455 356 2476 :
378 2443 509 2475 nollent
526 2443 558 2475 Ο
707 2453 749 2475 22
773 2443 926 2475 diffidant
940 2443 1052 2476 FPO}
1076 2443 1230 2475 diffident
1247 2442 1431 2477 Columella
