1696 2730
157 144 208 193 83
229 150 293 195 287
582 145 639 183 M.
682 144 853 182 TVLLI
893 141 1203 183 CICERONIS

226 257 437 298 dissimiles
466 263 505 297 et
532 257 730 297 aliorum?
785 255 1114 307 ‘Thucydidem,’
1141 253 1280 306 inquit,
1315 252 1560 294 ‘imitamur.’

226 324 399 375 Optime,
432 323 463 362 si
490 323 694 362 historiam
726 322 910 370 scribere,
939 335 1021 360 non
1060 320 1092 360 si
1126 333 1265 359 causas
1295 319 1427 359 dicere
1457 319 1561 371 cogi-

225 389 325 428 tatis.
384 388 642 439 Thucydides
672 387 778 427 enim
806 400 935 426 rerum
962 394 1160 437 gestarum
1183 384 1459 436 pronuntiator
1484 385 1560 424 sin-

224 468 337 494 cerus
368 461 407 493 et
439 453 598 505 grandis
636 453 755 492 etiam
790 452 888 501 fuit;
928 453 1006 490 hoc
1039 452 1195 490 forense
1226 450 1558 490 concertatorium

224 519 408 559 iudiciale
428 533 510 558 non
530 518 710 558 tractavit
728 531 865 569 genus.
925 516 1136 557 Orationes
1165 524 1299 555 autem
1326 530 1425 567 quas
1444 516 1560 556 inter·
1578 526 1595 558 5

224 584 562 636 posuit—multae
590 583 698 623 enim
729 590 944 622 sunt—eas
965 595 1039 633 ego
1059 583 1221 621 laudare
1251 582 1385 631 soleo;
1414 581 1559 621 imitari

223 663 355 701 neque
380 649 531 701 possim
560 649 592 688 si
617 649 747 697 velim,
779 662 854 688 nec
887 648 1006 687 velim
1032 649 1197 687 fortasse
1226 647 1258 686 si
1283 647 1445 698 possim.
1503 649 1559 687 Vt

223 715 255 755 si
287 715 375 766 quis
408 717 577 754 Falerno
611 715 705 754 vino
739 716 969 762 delectetur,
1004 714 1075 753 sed
1109 727 1158 752 eo
1188 727 1263 752 nec
1294 713 1348 752 ita
1378 726 1484 753 novo
1514 720 1558 753 ut

222 780 409 832 proximis
438 781 670 821 consulibus
699 788 838 819 natum
864 779 971 828 velit,
997 792 1072 818 nec
1110 792 1241 818 rursus
1270 778 1324 817 ita
1348 786 1481 818 vetere
1506 786 1559 823 ,ut

223 846 428 896 Opimium
450 854 517 885 aut
533 846 722 885 Anicium
742 846 950 885 consulem
970 843 1323 895 quaerat—‘atqui
1343 845 1418 884 hae
1437 851 1557 884 notae
1577 857 1618 880 10

221 919 314 950 sunt
343 911 542 962 optimae‚’
577 913 697 951 credo
712 926 722 959 3
761 912 832 950 sed
861 909 985 949 nimia
1010 917 1183 949 vetustas
1213 923 1288 949 nec
1316 910 1438 949 habet
1468 923 1556 949 eam

221 989 341 1027 quam
373 977 599 1027 quaerimus
626 976 862 1016 suavitatem
889 989 964 1015 nec
984 983 1043 1015 est
1063 975 1142 1014 iam
1166 989 1262 1015 sane
1288 975 1559 1015 tolerabilis—

138 1054 199 1085 288
220 1056 317 1081 num
342 1042 459 1093 igitur
485 1042 553 1093 qui
580 1044 658 1082 hoc
689 1042 845 1091 sentiat,
866 1041 898 1081 si
922 1041 954 1080 is
983 1049 1121 1092 potare
1141 1041 1246 1089 velit,
1268 1042 1319 1080 de
1346 1041 1456 1081 dolio
1481 1042 1558 1088 sibi

219 1107 483 1147 hauriendum
510 1110 652 1160 putet?
705 1108 876 1147 Minime
890 1122 900 1156 3
929 1109 1000 1147 sed
1020 1108 1222 1158 quandam
1249 1114 1436 1158 sequatur
1454 1115 1558 1147 aeta-

218 1180 310 1212 tem.
370 1173 435 1213 Sic
469 1188 543 1225 ego
576 1173 660 1213 istis
697 1173 920 1213 censuerim
959 1180 998 1212 et
1031 1186 1176 1212 novam
1210 1172 1326 1212 istam
1357 1172 1471 1223 quasi
1503 1174 1555 1213 de
1577 1186 1614 1218 15

219 1246 352 1278 musto
389 1253 436 1279 ac
466 1241 555 1279 lacu
589 1239 781 1279 fervidam
820 1238 1040 1279 orationem
1074 1238 1303 1289 fugiendam
1334 1252 1409 1278 nec
1446 1238 1554 1278 illam

218 1306 460 1355 praeclaram
485 1305 714 1356 Thucydidi
743 1305 861 1344 nimis
887 1312 1060 1344 veterem
1085 1311 1290 1355 tamquam
1317 1304 1555 1344 Anicianam

219 1377 356 1409 notam
377 1373 706 1422 persequendam.
769 1373 861 1422 Ipse
884 1370 991 1411 enim
1018 1369 1276 1421 Thucydides
1303 1369 1336 1409 si
1359 1370 1556 1421 posterius

146 1434 199 1481 84
219 1435 370 1485 fuisset,
400 1438 526 1475 multo
556 1436 744 1476 maturior
771 1436 909 1476 fuisset
940 1443 979 1475 et
1011 1435 1151 1475 mitior.
1211 1437 1555 1476 ‘Demosthenem

218 1501 336 1552 igitur
358 1501 582 1541 imitemur.’
640 1503 677 1542 O
705 1502 746 1542 di
776 1502 873 1542 boni
887 1516 898 1551 3
927 1501 1035 1553 quid,
1059 1515 1221 1552 quaeso,
1241 1515 1315 1541 nos
1343 1501 1453 1542 aliud
1478 1501 1555 1553 agi-
1574 1518 1616 1542 20
1676 1496 1678 1498 ¹

218 1581 306 1608 mus
337 1575 406 1606 aut
435 1567 532 1619 quid
561 1568 669 1607 aliud
699 1570 913 1619 optamus?
969 1570 1023 1607 At
1043 1581 1125 1606 non
1155 1567 1421 1618 adsequimur.
1482 1566 1554 1606 Isti

134 1641 196 1682 289
217 1632 323 1672 enim
344 1633 530 1673 videlicet
553 1632 677 1672 Attici
704 1633 829 1673 nostri
855 1634 966 1684 quod
985 1634 1124 1672 volunt
1147 1634 1430 1684 adsequuntur.
1490 1634 1554 1672 Ne

217 1698 314 1738 illud
335 1698 499 1749 quidem
519 1699 764 1750 intellegunt,
787 1713 870 1738 non
890 1700 1014 1738 modo
1038 1698 1092 1738 ita
1112 1698 1327 1738 memoriae
1350 1697 1551 1750 proditum

216 1777 303 1803 esse
341 1765 412 1804 sed
450 1764 504 1804 ita
538 1778 704 1805 necesse
742 1765 873 1813 fuisse,
908 1779 1000 1804 cum
1041 1765 1337 1804 Demosthenes
1375 1764 1552 1804 dicturus

217 1837 333 1879 esset,
359 1838 403 1869 ut
428 1843 644 1870 concursus
667 1831 858 1871 audiendi
882 1844 1002 1870 causa
1025 1845 1072 1870 ex
1101 1837 1185 1870 tota
1209 1830 1376 1870 Graecia
1401 1831 1549 1870 fierent.
1573 1843 1611 1876 25

217 1897 271 1933 At
301 1908 393 1934 cum
427 1895 490 1935 isti
519 1896 641 1936 Attici
673 1896 824 1945 dicunt,
852 1910 935 1936 non
959 1897 1082 1936 modo
1112 1909 1137 1935 a
1167 1909 1325 1944 corona,
1354 1897 1465 1947 quod
1493 1903 1553 1935 est

216 1960 346 2012 ipsum
386 1961 620 2010 miserabile,
661 1963 732 2002 sed
771 1962 890 2002 etiam
928 1963 980 2002 ab
1018 1962 1221 2002 advocatis
1262 1961 1550 2013 relinquuntur.

218 2027 310 2075 Qua
328 2039 369 2066 re
389 2026 421 2065 si
443 2034 609 2078 anguste
630 2035 668 2067 et
688 2028 839 2067 exiliter
858 2028 991 2068 dicere
1015 2035 1074 2067 est
1097 2027 1336 2076 Atticorum,
1356 2027 1434 2066 sint
1457 2041 1552 2067 sane

216 2091 339 2131 Attici
353 2106 364 2141 3
404 2093 474 2132 sed
516 2092 557 2131 in
606 2093 812 2132 comitium
856 2093 1030 2142 veniant,
1071 2094 1123 2133 ad
1163 2100 1334 2132 stantem
1376 2092 1551 2133 iudicem

216 2156 351 2196 dicant
367 2173 374 2196 :
400 2157 588 2198 subsellia
601 2158 851 2210 grandiorem
868 2166 907 2199 et
922 2158 1141 2210 pleniorem
1154 2171 1295 2198 vocem
1311 2158 1549 2198 desiderant.
1569 2168 1612 2201 30

132 2234 198 2267 290
216 2223 321 2262 Volo
350 2223 428 2263 hoc
457 2223 601 2264 oratori
630 2224 848 2277 contingat,
874 2232 918 2264 ut
944 2237 1036 2264 eum
1059 2224 1242 2264 auditum
1271 2223 1323 2263 sit
1345 2237 1438 2263 eum
1464 2237 1551 2264 esse

263 2336 298 2357 11
325 2327 475 2366 optimae
491 2327 582 2369 vulg.
597 2339 604 2358 :
630 2328 759 2368 optime
776 2327 807 2358 L
910 2330 950 2359 16
973 2333 1083 2360 musto
1099 2339 1138 2359 ac
1154 2328 1223 2360 secl.
1241 2327 1394 2360 Ellendt:
1417 2328 1460 2360 de
1475 2328 1549 2360 lacu

215 2380 254 2400 ac
271 2375 381 2401 musto
398 2370 554 2402 Martha:
580 2372 622 2402 de
640 2373 741 2404 musti
753 2372 827 2404 lacu
839 2371 1007 2404 Baehrens
1060 2383 1103 2404 20
1118 2383 1246 2413 quaeso
1272 2372 1361 2414 vulg.
1377 2383 1384 2404 :
1409 2372 1506 2413 quasi
1518 2373 1548 2405 L

215 2423 256 2453 23
280 2414 326 2444 ita
342 2424 410 2445 om.
428 2413 544 2445 BHM
