1696 2730
657 156 876 196 BRVTVS
1371 164 1430 202 90
1450 170 1513 205 309

101 269 186 309 aliis
215 270 331 309 rebus
359 276 443 308 tum
464 268 761 308 studiosissime
787 268 828 307 in
854 266 1062 307 dialectica
1087 266 1306 314 exercebar,
1329 279 1431 317 quae

101 335 214 386 quasi
233 342 434 374 contracta
454 341 493 373 et
510 334 668 373 astricta
687 333 915 384 eloquentia
940 333 1118 384 putanda
1137 339 1195 371 est
1209 346 1219 380 3
1248 331 1334 371 sine
1353 345 1432 382 qua

101 400 220 440 etiam
250 408 304 448 tu,
339 402 469 447 Brute,
502 399 724 439 iudicavisti
763 406 801 438 te
833 398 940 437 illam
974 397 1117 436 iustam
1149 396 1429 448 eloquentiam,

102 479 223 516 quam
261 464 508 504 dialecticam
550 478 636 504 esse
677 464 881 503 dilatatam
924 470 1077 514 putant,
1117 461 1309 513 consequi
1350 475 1432 501 non

64 542 82 574 5
102 543 229 582 posse.
290 530 398 569 Huic
418 543 492 581 ego
512 529 667 568 doctori
686 537 725 568 et
745 528 829 568 eius
849 528 997 568 artibus
1018 528 1132 567 variis
1157 535 1278 578 atque
1298 526 1433 565 multis

102 596 157 635 ita
193 609 300 635 eram
339 602 472 634 tamen
510 594 670 634 deditus
701 602 744 632 ut
781 595 833 633 ab
871 592 1217 632 exercitationibus
1256 591 1433 632 oratoriis

102 664 234 701 nullus
262 661 347 700 dies
375 674 523 700 vacuus
551 667 664 700 esset.
723 660 1036 700 Commentabar
1063 657 1435 698 declamitans—sic
1454 673 1518 705 310

103 727 210 767 enim
248 740 355 765 nunc
392 728 803 777 loquuntur—saepe
841 738 933 764 cum
982 726 1039 763 M.
1073 724 1219 764 Pisone
1260 731 1299 763 et
1343 737 1434 762 cum

105 794 156 843 Q.
179 791 372 843 Pompeio
400 798 468 830 aut
493 805 584 830 eum
613 790 747 841 aliquo
775 789 948 838 cottidie,
972 789 1093 840 idque
1117 789 1311 828 faciebam
1340 790 1435 827 mul-

45 875 88 898 10
105 865 188 897 tum
222 857 339 897 etiam
372 857 527 905 Latine,
557 858 627 896 sed
662 858 812 895 Graece
843 855 1009 906 saepius,
1045 856 1107 893 vel
1140 855 1250 905 quod
1284 855 1436 894 Graeca

105 923 230 962 oratio
250 924 361 973 plura
380 929 612 961 ornamenta
631 921 889 972 suppeditans
909 920 1239 959 consuetudinem
1260 919 1437 958 similiter

106 988 248 1027 Latine
286 987 447 1027 dicendi
484 987 698 1034 adferebat,
747 987 809 1025 vel
855 987 965 1036 quod
1002 999 1026 1024 a
1064 984 1224 1024 Graecis
1271 984 1436 1024 summis

105 1053 347 1100 doctoribus,
388 1052 463 1091 nisi
502 1053 653 1091 Graece
697 1051 882 1099 dicerem,
923 1064 1053 1101 neque
1095 1050 1233 1101 corrigi
1277 1063 1436 1101 possem

106 1132 237 1169 neque
257 1117 401 1157 doceri.
459 1118 672 1156 Tumultus
692 1116 848 1155 interim
868 1117 910 1154 in
930 1117 1200 1166 recuperanda
1218 1129 1258 1154 re
1278 1114 1438 1166 publica
1457 1130 1518 1163 3¹1

49 1197 88 1230 15
107 1191 147 1223 et
183 1183 352 1223 crudelis
385 1182 564 1222 interitus
602 1189 800 1221 oratorum
840 1181 956 1220 trium
996 1182 1209 1220 Scaevolae
1243 1180 1437 1220 Carbonis

107 1249 266 1297 Antisti,
280 1248 428 1288 reditus
449 1249 591 1288 Cottae
611 1246 796 1288 Curionis
817 1246 947 1287 Crassi
974 1248 1234 1286 Lentulorum
1258 1245 1435 1296 Pompei,

108 1315 213 1365 leges
241 1321 280 1352 et
308 1312 454 1352 iudicia
482 1312 706 1359 constituta,
738 1319 967 1363 recuperata
995 1325 1056 1350 res
1085 1311 1245 1362 publica
1257 1326 1268 1360 3
1297 1324 1345 1350 ex
1371 1324 1437 1349 nu-

108 1392 218 1418 mero
236 1385 369 1417 autem
397 1385 595 1417 oratorum
623 1376 869 1428 Pomponius
890 1376 1133 1417 Censorinus
1158 1377 1328 1415 Murena
1350 1376 1440 1415 sub-

108 1444 187 1483 lati.
245 1445 351 1482 Tum
384 1443 553 1494 primum
579 1456 652 1482 nos
681 1444 732 1482 ad
761 1456 899 1482 causas
928 1450 967 1482 et
995 1442 1164 1493 privatas
1193 1448 1232 1480 et
1259 1441 1439 1492 publicas

50 1527 93 1550 20
109 1509 217 1549 adire
245 1509 461 1560 coepimus,
483 1523 565 1548 non
593 1516 637 1547 ut
666 1508 706 1547 in
734 1509 820 1548 foro
849 1508 1102 1554 disceremus,
1125 1508 1234 1558 quod
1262 1506 1440 1558 plerique

109 1576 296 1622 fecerunt,
319 1576 390 1613 sed
410 1582 463 1622 ut,
485 1581 678 1624 quantum
702 1587 775 1613 nos
796 1574 949 1613 efficere
971 1573 1249 1623 potuissemus,
1271 1571 1380 1611 docti
1399 1571 1440 1610 in

108 1641 236 1679 forum
253 1639 486 1678 veniremus.
528 1640 684 1678 Eodem
697 1646 874 1689 tempore
891 1637 1047 1677 Moloni
1063 1637 1247 1677 dedimus
1261 1650 1442 1687 operam3
1461 1652 1520 1684 312

109 1704 301 1744 dictatore
339 1703 445 1743 enim
480 1704 588 1742 Sulla
617 1705 767 1754 legatus
800 1704 852 1742 ad
886 1710 1067 1742 senatum
1106 1703 1158 1741 de
1189 1702 1441 1741 Rhodiorum

109 1769 293 1821 praemiis
322 1776 492 1808 venerat.
551 1770 692 1818 Itaque
729 1767 855 1818 prima
892 1781 1011 1806 causa
1047 1766 1207 1818 publica
1243 1780 1314 1817 pro
1353 1769 1438 1807 Sex.

51 1850 92 1883 ²5
112 1834 261 1874 Roscio
291 1834 399 1873 dicta
436 1841 589 1872 tanturn
624 1831 983 1872 commendationis
1011 1831 1151 1871 habuit
1180 1839 1223 1871 ut
1251 1846 1333 1872 non
1363 1834 1441 1871 ulla

110 1907 213 1939 esset
232 1912 334 1950 quae
354 1912 435 1937 non
455 1898 575 1949 digna
594 1906 729 1937 nostro
749 1897 968 1948 patrocinio
987 1896 1194 1936 videretur.
1240 1896 1441 1948 Deinceps

110 1964 204 2004 inde
242 1966 399 2012 multae,
433 1977 531 2015 quas
563 1977 635 2002 nos
669 1963 876 2014 diligenter
908 1962 1126 2002 elaboratas
1160 1969 1199 2001 et
1237 1969 1440 2013 tamquam

110 2030 358 2069 elucubratas
385 2029 673 2069 adferebamus.

166 2096 286 2134 Nunc
323 2094 513 2145 quoniam
552 2102 679 2133 totum
718 2107 783 2133 me
816 2107 898 2133 non
929 2106 1056 2132 naevo
1087 2092 1222 2144 aliquo
1259 2100 1327 2132 aut
1364 2107 1443 2133 cre-
1463 2112 1525 2144 313

53 2171 96 2206 ³0
113 2159 282 2210 pundiis,
319 2161 389 2199 sed
420 2173 584 2210 corpore
614 2158 724 2198 omni
755 2158 899 2198 videris
927 2159 1027 2197 velle
1055 2171 1306 2209 cognoscere,
1337 2172 1443 2197 corn-

0 879 2 895 r

0 910 2 927 ἰ

0 929 2 951 Ι

159 2273 172 2293 1
197 2273 285 2303 quae
309 2263 406 2303 quasi
434 2261 586 2293 MG¹B²z
608 2273 675 2302 qua
700 2263 794 2302 quasi
826 2262 855 2293 C
983 2273 1003 2301 4
1027 2271 1126 2302 quam
1143 2285 1151 2293 .
1170 2285 1178 2293 .
1198 2285 1205 2293 .
1225 2266 1348 2302 putant
1370 2262 1438 2295 secl.

112 2304 284 2337 Eberhard
414 2316 453 2346 13
476 2316 612 2346 possem
636 2307 726 2347 vulg.
745 2317 753 2338 :
786 2306 914 2346 possim
938 2305 968 2336 L
1112 2315 1152 2345 14
1175 2305 1208 2336 in
1234 2305 1310 2337 add.
1341 2305 1446 2338 Orelli

115 2359 151 2381 re
166 2360 199 2390 p.
221 2349 250 2381 G
270 2349 463 2381 Eberhard:
489 2360 543 2381 res
559 2361 590 2390 p.
609 2349 638 2380 L
785 2359 827 2390 25
851 2349 968 2380 habuit
989 2349 1101 2389 vulg.:
1135 2349 1234 2380 habui
1250 2348 1280 2379 L
1370 2360 1439 2381 non

115 2393 206 2424 nulla
230 2393 371 2434 Madvig
391 2404 470 2425 cum
495 2393 583 2426 codd.
602 2393 661 2424 det.
819 2403 860 2432 27
884 2396 918 2423 et
935 2397 1096 2432 tanquam
1113 2392 1234 2424 Rivius
1248 2391 1335 2424 codd.
1355 2393 1413 2425 det.
1431 2405 1439 2425 τ

114 2437 216 2468 etiam
233 2447 332 2478 quam
349 2435 378 2468 L
