1696 2730
156 146 207 186 28

148 698 204 736 29

144 758 202 781 101

138 1260 197 1285 102

134 1982 192 2013 1c3

228 162 293 190 *100
552 149 609 187 M.
641 148 812 187 TVLLI
842 147 1152 189 CICERONIS

226 261 434 313 iniquitate
460 261 638 310 actionis,
667 262 718 301 de
747 262 1015 313 comparanda
1043 259 1253 311 aequitate,
1275 261 1386 311 quod
1411 273 1458 300 ea
1482 261 1563 300 fere

225 326 378 379 generis
409 327 493 367 eius
523 334 615 367 sunt
640 333 694 374 ut,
717 339 961 378 quamquam
989 325 1031 365 in
1059 325 1190 377 ipsum
1219 325 1410 365 iudicium
1443 339 1562 378 saepe

226 394 474 441 delabuntur,
487 401 621 432 tamen
636 400 728 432 ante
743 391 935 440 iudicium
948 393 1154 431 tractanda
1166 391 1384 440 videantur,
1398 393 1562 442 paulum

225 472 272 498 ea
294 472 434 510 separo
459 473 483 498 a
506 458 663 499 iudiciis
691 466 870 510 tempore
898 458 1022 509 magis
1050 458 1195 509 agendi
1220 471 1340 509 quam
1367 456 1563 498 dissimili-

224 524 364 564 tudine
395 525 560 575 generis.
619 525 724 563 Nam
763 523 898 563 omnia
935 538 1037 575 quae
1070 525 1122 563 de
1154 523 1238 563 iure
1275 523 1380 563 civili
1411 530 1480 563 aut
1510 524 1562 563 de
1580 533 1598 566 5

223 603 355 641 aequo
383 598 422 629 et
450 590 557 629 bono
584 590 856 640 disceptantur
876 591 1026 629 cadunt
1051 589 1092 628 in
1122 603 1210 629 eam
1234 590 1402 629 formam
1428 602 1562 628 causa-

223 669 321 704 rum,
345 656 385 695 in
406 669 485 707 qua
504 657 622 707 quale
641 655 738 707 quid
758 655 809 695 sit
833 655 1055 706 ambigitur,
1077 656 1129 695 de
1148 669 1227 706 qua
1247 654 1390 694 dicturi
1409 667 1558 703 sumus,

223 734 327 772 quae
345 721 386 760 in
405 721 604 772 aequitate
624 728 663 761 et
682 720 722 760 in
747 720 830 760 iure
856 720 1026 760 maxime
1052 719 1243 760 consistit.
1303 721 1352 759 In
1372 719 1560 760 omnibus

221 785 338 837 igitur
356 786 485 826 causis
506 794 582 826 tres
602 793 694 825 sunt
713 787 868 837 gradus,
890 799 938 824 ex
957 785 1102 836 quibus
1121 798 1224 824 unus
1243 784 1386 836 aliquis
1405 785 1561 836 capien-

221 853 297 891 dus
317 859 387 901 est,
410 852 441 891 si
467 851 588 903 pluris
614 865 697 891 non
717 864 851 902 queas,
872 852 924 890 ad
948 850 1223 891 resistendum.
1282 852 1389 890 Nam
1411 858 1486 890 aut>
1505 850 1559 890 ita
1573 858 1621 886 ω

221 918 522 957 consistendum
552 924 622 965 est,
654 924 697 956 ut
723 917 765 956 id
784 930 866 968 quo
886 918 937 956 de
959 916 1086 968 agitur
1113 918 1263 956 factum
1286 930 1406 968 neges
1424 924 1503 965 aut,
1526 916 1559 956 si

219 984 369 1022 factum
398 985 555 1031 fateare,
576 996 696 1034 neges
725 996 814 1022 eam
840 982 920 1022 vim
949 983 1096 1022 habere
1121 990 1241 1034 atque
1266 981 1308 1022 id
1334 995 1421 1022 esse
1449 983 1560 1033 quod

218 1048 464 1088 adversarius
484 1048 723 1097 criminetur,
745 1055 823 1097 aut,
846 1047 878 1087 si
898 1061 1029 1099 neque
1049 1049 1100 1088 de
1119 1049 1225 1089 facto
1243 1061 1375 1099 neque
1394 1049 1446 1088 de
1465 1047 1559 1088 facti

217 1114 485 1166 appellatione
513 1114 662 1166 ambigi
691 1121 832 1165 potest,
853 1113 895 1153 id
920 1114 1030 1165 quod
1054 1127 1216 1165 arguare
1235 1127 1355 1165 neges
1374 1115 1452 1154 tale
1471 1126 1559 1153 esse

218 1182 336 1231 quale
355 1180 421 1220 ille
440 1180 547 1220 dicat
567 1187 606 1219 et
625 1188 777 1220 rectum
798 1193 884 1219 esse
904 1180 1014 1231 quod
1034 1179 1171 1219 feceris
1199 1180 1555 1219 concedendumve
1577 1184 1615 1218 Ι5

217 1247 422 1286 defendas.
482 1247 544 1285 Ita
581 1245 731 1297 primus
764 1245 830 1286 ille
863 1253 986 1285 status
1019 1253 1060 1285 et
1092 1245 1205 1297 quasi
1233 1245 1435 1286 conflictio
1463 1259 1556 1285 cum

217 1311 443 1351 adversario
471 1311 699 1350 coniectura
723 1312 908 1363 quadam,
934 1313 1134 1351 secundus
1159 1319 1294 1351 autem
1322 1310 1557 1351 definitione

219 1375 303 1430 [aut
323 1375 606 1430 descriptione]
627 1384 747 1428 atque
772 1377 1052 1417 informatione
1071 1377 1191 1425 verbi,
1214 1376 1350 1417 tertius
1375 1376 1492 1428 aequi
1517 1384 1556 1417 et

216 1442 313 1482 recti
346 1450 385 1482 et
418 1442 584 1482 humani
616 1444 668 1483 ad
701 1442 991 1494 ignoscendum
1025 1442 1294 1494 disputatione
1326 1444 1555 1483 tractandus

216 1515 287 1548 est.
351 1510 403 1547 Et
435 1508 626 1559 quoniam
664 1521 820 1560 semper
848 1508 880 1547 is
914 1507 982 1560 qui
1011 1508 1191 1548 defendit
1219 1522 1301 1548 non
1338 1510 1468 1548 solum
1501 1521 1556 1548 re·
1575 1520 1616 1544 20

216 1573 327 1612 sistat
346 1581 503 1626 oportet
521 1574 656 1625 aliquo
677 1581 786 1614 certo
805 1581 908 1614 statu
928 1580 996 1613 aut
1015 1573 1225 1613 infitiando
1240 1580 1308 1613 aut
1323 1573 1555 1615 definiendo

215 1647 283 1678 aut
302 1639 503 1691 aequitate
522 1641 775 1691 opponenda,
798 1641 870 1679 sed
896 1638 1015 1679 etiam
1042 1638 1236 1678 rationem
1259 1638 1428 1679 subiciat
1447 1653 1556 1680 recu-

215 1704 378 1744 sationis
417 1719 522 1753 suae,
562 1705 712 1756 primus
749 1705 815 1745 ille
856 1712 980 1744 status
1026 1704 1220 1744 rationem
1264 1705 1387 1745 habet
1429 1704 1556 1757 iniqui

214 1770 389 1810 criminis
404 1770 531 1822 ipsam
552 1770 805 1822 negationem
825 1769 1183 1822 infitiationemque
1198 1770 1290 1810 facti
1303 1785 1315 1819 5
1341 1771 1552 1819 secundus,

214 1837 324 1887 quod
353 1850 435 1876 non
465 1836 514 1875 sit
543 1836 584 1875 in
610 1850 651 1876 re
679 1837 790 1888 quod
818 1836 869 1876 ab
897 1835 1121 1875 adversario
1149 1843 1320 1887 ponatur
1341 1835 1383 1875 in
1405 1837 1527 1876 verbo
1544 1850 1554 1885 ;
1573 1849 1613 1884 ²5

213 1901 361 1949 tertius,
397 1903 507 1952 quod
547 1900 624 1955 [id]
663 1909 815 1942 rectum
854 1915 940 1941 esse
977 1903 1169 1941 defendat
1205 1903 1314 1953 quod
1352 1901 1438 1941 sine
1474 1902 1555 1941 ulla

214 1966 387 2006 nominis
425 1967 693 2007 controversia
733 1969 881 2007 factum
920 1979 995 2006 esse
1031 1968 1207 2006 fateatur.
1286 1966 1462 2007 Deinde·
1483 1966 1554 2006 uni

213 2031 357 2082 cuique
386 2031 528 2070 rationi
557 2033 846 2083 opponendum
875 2039 934 2072 est
961 2032 1013 2071 ab
1041 2039 1270 2072 accusatore
1298 2031 1340 2072 id
1369 2033 1490 2083 quod,
1521 2032 1554 2072 si

212 2093 294 2136 non
329 2104 432 2136 esset
466 2096 506 2136 in
539 2097 804 2145 accusatione,
835 2110 961 2137 causa.
986 2096 1152 2137 omnino
1181 2110 1267 2137 esse
1294 2110 1377 2137 non
1405 2104 1550 2148 posset.

213 2158 356 2213 Itaque
380 2158 432 2202 vea
458 2176 559 2214 quae
586 2162 642 2202 sic
668 2164 888 2203 referuntur
913 2162 1159 2203 continentia
1186 2167 1394 2203 causarum
1412 2176 1553 2204 vocen-
1571 2174 1612 2208 30

258 2275 294 2297 11
319 2276 387 2306 quo
405 2267 446 2297 de
462 2266 576 2306 agitur
591 2266 641 2298 P:
667 2268 757 2308 quod
774 2267 918 2299 obicitur
940 2266 1030 2299 codd.
1049 2267 1123 2299 dett.
1314 2268 1342 2299 si
1358 2267 1486 2299 factum
1500 2266 1554 2300 P:

211 2309 244 2340 id
270 2311 367 2349 quod.
387 2311 511 2341 sactum
534 2310 626 2342 codd.
653 2311 725 2342 dett.
862 2313 905 2342 26
928 2312 961 2343 id
986 2321 1052 2343 om.
1082 2311 1117 2342 P
1215 2316 1344 2343 rectum
1368 2311 1424 2343 P:
1459 2316 1553 2343 recte

210 2353 334 2384 sactum
366 2355 388 2388 β
419 2358 471 2385 εἰσ.
504 2378 506 2380 ,
663 2365 739 2385 esse
757 2378 763 2385 .
784 2378 791 2385 .
813 2379 820 2387 .
843 2355 971 2393 factum
998 2366 1063 2386 om.
1096 2354 1131 2386 P
1290 2365 1330 2396 27
1371 2365 1447 2387 esse
1474 2355 1550 2388 add.

208 2396 371 2429 Friedrich
501 2398 647 2429 fateatur
669 2398 721 2435 P:
746 2398 872 2430 fatetur
900 2399 990 2441 vulg.
