1696 2730
154 132 206 171 32
227 138 288 173 ηρ,
553 126 612 166 M.
644 127 815 166 TVLLI
845 127 1156 169 CICERONrs
1684 111 1696 228 Ξ

220 237 440 277 facultates.
503 238 553 277 In
582 239 787 278 voluntate
819 246 954 279 autem
988 239 1135 280 utilitas
1169 254 1217 281 ex
1249 241 1464 293 adeptione
1495 243 1562 284 ali·
1683 229 1696 298 ξ

220 301 333 341 cuius
364 303 569 343 commodi
592 303 863 355 vitationeque
892 304 1141 346 incommodi
1172 307 1382 357 quaeritur,
1418 315 1463 347 ut
1491 316 1561 348 aut

220 381 311 419 spes
343 375 412 407 aut
446 376 575 408 metus
608 368 813 420 impulisse
846 370 1026 410 videatur
1054 379 1123 410 aut
1156 372 1297 423 aliquis
1331 373 1560 424 repentinus

220 431 344 471 animi
383 440 526 480 motus,
567 433 636 484 qui
675 434 794 473 etiam
837 434 952 474 citius
994 435 1036 474 in
1077 437 1257 477 fraudem
1297 451 1418 488 quarn
1461 438 1560 479 ratio

152 531 204 569 33
222 497 400 538 utilitatis
420 498 597 550 impellit.
657 500 790 549 Quam
817 501 870 540 ob
896 514 979 540 rem
1006 502 1105 541 haec
1131 502 1209 542 sint
1228 503 1335 543 dicta
1354 505 1405 544 de
1428 517 1557 544 causa.
1579 520 1598 553 5

139 591 203 624 ¹14
225 563 269 604 C.
293 565 432 603 Teneo
466 571 505 604 et
534 578 682 616 quaero
713 565 781 616 qui
815 565 892 605 sint
926 566 982 606 illi
1016 574 1180 607 eventus
1213 581 1313 619 quos
1352 582 1400 608 ex
1431 570 1561 610 causis

221 628 323 668 effici
354 629 496 669 dixisti.
567 631 609 669 Ρ.
644 631 944 682 Consequentia
981 634 1180 683 quaedam
1218 633 1330 685 signa
1362 635 1561 686 praeteriti

220 702 259 734 et
282 694 396 745 quasi
423 694 615 746 impressa
643 696 736 735 facti
762 696 925 748 vestigia
938 711 949 746 3
982 711 1085 748 quae
1112 698 1276 749 quidem
1300 701 1362 739 vel
1388 700 1560 741 maxime

218 760 487 811 suspicionem
523 769 685 801 movent
719 769 758 801 et
789 769 881 801 sunt
914 763 1027 813 quasi
1060 764 1180 803 tacita
1213 764 1424 805 criminum
1454 766 1560 806 testi-

217 825 353 865 monia
372 833 493 877 atque
513 827 591 866 hoc
611 826 775 877 quidem
795 828 983 878 graviora,
1001 831 1111 879 quod
1132 843 1274 870 causae
1294 831 1559 872 communiter
1579 850 1620 875 10

215 890 401 930 videntur
426 891 654 931 insimulare
681 900 720 932 et
743 906 904 944 arguere
930 894 1061 933 omnis
1088 908 1215 946 posse,
1239 909 1408 947 quorum
1436 899 1558 938 modo

216 956 434 996 interfuerit
472 956 632 1008 aliquid,
670 959 769 997 haec
807 958 964 1010 proprie
1002 960 1201 1011 attingunt
1238 975 1307 1001 eos
1344 961 1452 1014 ipsos
1490 963 1560 1014 qui

215 1030 442 1074 arguuntur,
465 1030 509 1062 ut
529 1024 666 1072 telum,
686 1031 729 1062 ut
749 1023 973 1075 vestigium,
991 1032 1035 1064 ut
1054 1038 1179 1075 cruor,
1201 1034 1245 1066 ut
1265 1028 1558 1079 deprehensum

215 1087 367 1139 aliquid
406 1089 516 1138 quod
553 1088 730 1127 ablatum
765 1097 995 1141 ereptumve
1028 1090 1218 1140 videatur,
1249 1099 1293 1132 ut
1323 1106 1557 1145 responsum

215 1153 497 1200 inconstanter,
532 1162 576 1193 ut
609 1154 857 1204 haesitatum,
889 1163 933 1195 ut
966 1155 1192 1206 titubatum‚
1224 1165 1268 1197 ut
1298 1172 1390 1198 cum
1423 1159 1558 1211 aliquo
1578 1177 1618 1211 15

216 1217 323 1257 visus
354 1231 402 1257 ex
430 1231 512 1269 quo
545 1219 719 1270 suspicio
749 1219 906 1269 oriatur,
929 1228 973 1260 ut
999 1235 1049 1261 eo
1078 1221 1166 1273 ipso
1195 1223 1236 1262 in
1265 1225 1356 1263 loco
1381 1224 1487 1265 visus
1515 1225 1558 1265 in

216 1296 298 1334 quo
317 1283 482 1332 facinus,
497 1292 540 1323 ut
559 1286 695 1336 pallor,
712 1293 755 1324 ut
775 1292 932 1334 tremor,
947 1294 991 1326 ut
1011 1287 1200 1338 scriptum
1220 1296 1288 1327 aut
1304 1289 1558 1340 obsignatum

214 1356 283 1387 aut
306 1348 534 1400 depositum
562 1349 778 1401 quippiam.
839 1353 956 1391 Haec
985 1351 1091 1391 enim
1119 1353 1211 1392 talia
1237 1362 1339 1403 sunt,
1361 1367 1464 1406 quae
1490 1363 1558 1395 aut

215 1413 258 1453 in
281 1426 322 1453 re
341 1413 426 1465 ipsa
446 1422 514 1453 aut
534 1414 653 1454 etiam
680 1423 773 1456 ante
793 1430 913 1467 quam
934 1418 1083 1456 factum
1111 1426 1170 1457 est
1188 1426 1257 1458 aut
1275 1426 1414 1470 postea
1434 1421 1558 1472 suspi-

135 1497 196 1530 1¹5
217 1478 368 1518 ciosum
394 1478 543 1519 crimen
570 1480 751 1520 efficiant.
812 1483 927 1531 Quae
954 1482 986 1521 si
1012 1496 1094 1522 non
1121 1491 1246 1533 erunt,
1268 1491 1401 1524 tamen
1428 1485 1557 1525 causis
1577 1505 1619 1528 20

215 1543 310 1595 ipsis
342 1552 381 1583 et
414 1544 612 1584 efficiendi
646 1547 898 1586 facultatibus
933 1547 1005 1587 niti
1036 1549 1246 1599 oportebit,
1274 1550 1464 1590 adiuncta
1491 1550 1558 1591 illa

213 1609 483 1660 disputatione
512 1611 728 1660 communi,
757 1625 841 1652 non
874 1612 994 1652 fuisse
1023 1613 1134 1652 illum
1165 1622 1245 1653 tam
1273 1623 1486 1665 amentem,
1514 1624 1559 1656 ut

214 1674 364 1714 indicia
392 1674 486 1714 facti
514 1683 582 1715 aut
612 1677 783 1727 effugere
816 1684 885 1716 aut
914 1679 1113 1718 occultare
1146 1693 1228 1719 non
1258 1688 1403 1732 posset,
1432 1688 1476 1721 ut
1502 1681 1559 1722 ita

213 1747 372 1791 apertus
410 1748 527 1790 esset,
560 1748 603 1781 ut
640 1743 775 1781 locum
814 1742 969 1782 crimini
1006 1743 1255 1796 relinqueret.
1318 1746 1555 1787 Communis

214 1805 279 1844 ille
303 1813 442 1845 contra
467 1807 589 1855 locus,
611 1807 821 1847 audaciam
850 1808 1070 1858 temeritati,
1097 1823 1180 1849 non
1206 1811 1439 1862 prudentiae
1468 1825 1555 1852 esse
1575 1830 1615 1863 ²5

136 1878 196 1909 116
216 1870 483 1911 coniunctam.
542 1872 728 1923 Sequitur
750 1873 816 1913 ille
840 1881 974 1914 autem
998 1875 1110 1914 locus
1132 1877 1184 1915 ad
1209 1878 1449 1927 augendum,
1471 1891 1555 1918 non

218 1949 304 1976 esse
331 1939 654 1988 exspectandum,
676 1940 774 1978 dum
799 1940 968 1978 fateatur
980 1954 991 1989 3
1022 1941 1263 1991 argumentis
1282 1950 1446 1993 peccata
1466 1957 1558 1983 con-

147 1994 200 2031 34
219 2001 342 2051 vinci3
366 2010 405 2042 et
418 2002 482 2042 hic
497 2003 616 2043 etiam
630 2007 810 2056 exempla
822 2013 1031 2056 ponentur.
1071 2008 1205 2058 Atque
1218 2009 1316 2048 haec
1329 2008 1492 2059 quidem
1505 2011 1557 2051 de

137 2054 148 2076 ¹
161 2053 198 2087 ¹7
216 2068 469 2118 argumentis.
528 2069 597 2109 Sin
616 2077 749 2110 autem
770 2071 842 2110 erit
861 2071 980 2111 etiam
1000 2072 1160 2111 testium
1183 2074 1358 2122 facultas,
1380 2074 1553 2126 primum
1650 2123 1654 2126 .
1688 2130 1693 2133 Δ

213 2145 338 2183 genus
367 2132 438 2172 erit
463 2132 594 2184 ipsum
623 2135 869 2174 laudandum
898 2135 1206 2187 dicendumque,
1235 2151 1286 2177 ne
1310 2141 1551 2190 argumentis
1571 2156 1612 2188 30

213 2205 412 2237 teneretur
436 2212 536 2247 reus,
558 2198 688 2250 ipsum
718 2213 789 2239 sua
817 2200 1003 2240 cautione
1030 2201 1217 2251 effecisse,
1243 2203 1353 2243 testis
1381 2206 1553 2256 effugere

213 2276 295 2302 non
325 2276 468 2313 posse3
501 2264 648 2304 deinde
680 2265 822 2316 singuli
853 2267 1222 2318 laudentur—quae
1255 2275 1389 2309 autem
1420 2279 1553 2311 essent

261 2376 275 2397 1
301 2367 482 2400 facultates
496 2368 655 2401 Stroebel:
681 2369 852 2403 facultatis
866 2370 920 2403 P:
943 2370 1085 2403 facultas
1100 2372 1194 2414 vulg.v
1312 2382 1333 2413 3
1356 2373 1445 2405 a'lius
1460 2364 1555 2415 cedd⁸

213 2408 549 2494 thtbOSSitrsseritur
564 2412 598 2443 P
609 2413 695 2445 codd,
716 2414 788 2448 dett.
873 2415 895 2446 6
918 2415 975 2455 qui
991 2415 1079 2448 codd.
1099 2427 1107 2448 ε
1133 2415 1161 2448 si
1178 2416 1211 2448 P
1290 2426 1329 2448 12
1353 2417 1505 2450 interfuit
1520 2399 1555 2450 13
