1630 2730
137 154 192 192 26
209 161 251 204 98
538 155 596 194 M.
626 153 797 192 TVLLI
828 152 1137 193 CICERONIS

210 266 451 306 domesticas
480 265 721 317 disciplinas.
782 266 887 304 Nam
917 273 956 304 et
985 278 1077 304 cum
1105 276 1263 303 summo
1286 263 1354 302 illo
1380 270 1546 311 oratore,

211 333 290 371 Ser.
314 333 453 379 Galba,
469 331 581 371 cuius
602 331 704 371 Gaio
725 331 807 370 filio
827 330 948 369 filiam
969 343 1081 369 suam
1102 331 1390 377 conlocaverat,
1411 327 1550 367 adfini-

210 405 290 437 tate
310 411 395 437 sese
415 397 644 437 devinxerat
670 404 708 436 et
728 410 821 436 cum
847 403 950 435 esset
977 398 1018 434 P.
1043 394 1157 434 Muci
1180 394 1283 433 filius
1309 395 1551 445 fratremque

210 464 374 503 haberet
403 465 445 502 P.
468 464 710 510 Scaevolam,
738 461 849 501 domi
878 461 938 500 ius
963 460 1082 500 civile
1111 467 1360 511 cognoverat.
1420 461 1470 498 In
1498 472 1548 499 eo

209 528 444 568 industriam
478 535 634 567 constat
663 541 861 566 summam
895 526 1015 566 fuisse
1046 526 1341 576 maximamque
1368 523 1544 576 gratiam,
1567 541 1586 574 5

149 608 191 641 99
210 608 301 633 cum
322 602 361 633 et
380 595 651 633 consuleretur
669 592 882 643 plurimum
903 600 942 632 et
962 592 1120 631 diceret.
1172 593 1331 630 Horum
1350 590 1547 630 aetatibus

208 659 387 699 adiuncti
407 661 489 698 duo
514 660 558 699 C.
583 658 724 697 Fannii
749 660 794 699 C.
821 666 860 698 et
886 660 942 697 M.
972 657 1042 696 filii
1063 659 1220 696 fuerunt
1234 672 1244 706 3
1273 669 1443 707 quorum
1471 655 1547 695 Gai

208 725 322 774 filius,
358 725 427 776 qui
460 726 600 764 consul
631 738 722 764 cum
759 723 940 763 Domitio
973 723 1057 771 fuit,
1090 737 1211 762 unam
1245 721 1466 761 orationem
1495 722 1547 761 de

207 791 324 830 sociis
345 799 383 830 et
403 790 566 830 nomine
587 790 731 829 Latino
747 797 885 829 contra
910 790 951 828 C.
968 790 1194 828 Gracchum
1215 787 1372 839 reliquit
1392 800 1487 826 sane
1507 794 1547 827 et

206 857 355 896 bonam
383 864 422 895 et
447 855 635 894 nobilem.
694 857 800 894 Tum
830 854 1010 893 Atticus:
1041 853 1151 903 Quid
1181 855 1303 904 ergo?
1331 860 1443 892 estne
1472 852 1547 891 ista
1567 869 1608 892 10

209 922 365 961 Fanni?
394 936 484 960 nam
506 921 611 960 varia
631 921 768 971 opinio
787 920 918 971 pueris
939 919 1056 959 nobis
1077 927 1168 958 erat.
1211 918 1291 958 Alii
1309 933 1334 958 a
1349 920 1394 959 C.
1411 918 1546 958 Persio

207 988 378 1027 litterato
399 987 562 1026 homine
591 986 777 1037 scriptam
798 999 884 1025 esse
912 986 1082 1032 aiebant,
1106 985 1174 1024 illo
1203 998 1323 1035 quem
1353 984 1547 1035 significat

207 1055 322 1093 valde
342 1055 507 1092 doctum
529 1066 614 1092 esse
636 1052 812 1091 Lucilius
827 1067 837 1100 ;
865 1051 931 1090 alii
952 1053 1098 1090 multos
1125 1050 1281 1099 nobilis,
1305 1051 1415 1101 quod
1444 1050 1547 1102 quis—

128 1137 190 1158 100
208 1132 287 1170 que
317 1119 520 1170 potuisset,
555 1118 596 1156 in
628 1118 735 1157 illam
769 1117 991 1157 orationem
1022 1116 1248 1156 contulisse.
1307 1118 1413 1155 Tum
1447 1129 1545 1167 ego:

208 1185 357 1224 Audivi
377 1184 564 1235 equidem
594 1184 678 1231 ista,
701 1183 876 1234 inquam,
898 1184 949 1222 de
970 1182 1185 1222 maioribus
1210 1189 1317 1230 natu,
1341 1182 1410 1221 sed
1434 1195 1548 1220 num·
1568 1200 1607 1234 15

208 1264 328 1301 quam
367 1264 455 1289 sum
493 1251 691 1289 adductus
729 1257 772 1288 ut
811 1250 1011 1288 crederem
1027 1263 1037 1297 ς
1075 1261 1244 1299 eamque
1278 1246 1546 1298 suspicionem

207 1324 367 1367 propter
413 1317 516 1354 hanc
567 1329 728 1354 causam
775 1316 896 1354 credo
943 1314 1074 1362 fuisse,
1123 1315 1234 1364 quod
1282 1313 1458 1352 Fannius
1505 1313 1547 1352 in

208 1381 476 1421 mediocribus
515 1381 736 1420 oratoribus
781 1380 941 1419 habitus
985 1387 1101 1427 esset,
1142 1379 1268 1419 oratio
1312 1386 1446 1418 autem
1484 1381 1546 1419 vel

207 1447 358 1498 optima
377 1455 480 1486 esset
500 1446 567 1486 illo
587 1446 751 1497 quidem
771 1454 950 1497 tempore
969 1445 1193 1485 orationum
1214 1444 1406 1484 omnium.
1465 1446 1545 1484 Sed

206 1527 282 1552 nec
319 1512 516 1552 eiusmodi
554 1520 613 1551 est
646 1519 690 1551 ut
726 1526 750 1551 a
787 1511 965 1563 pluribus
1003 1512 1170 1551 confusa
1206 1510 1544 1550 videatur—unus
1565 1529 1607 1552 20

207 1578 314 1617 enim
348 1591 470 1617 sonus
503 1585 562 1617 est
596 1577 716 1616 totius
750 1576 938 1616 orationis
972 1584 1011 1616 et
1041 1576 1147 1616 idem
1181 1575 1356 1623 stilus—-,
1386 1589 1460 1615 nec
1494 1577 1545 1616 de

207 1643 342 1683 Persio
371 1643 590 1682 reticuisset
625 1644 841 1690 Gracchus,
873 1656 965 1681 cum
995 1642 1031 1682 ei
1066 1641 1241 1681 Fannius
1270 1642 1322 1680 de
1357 1642 1546 1681 Menelao

208 1710 447 1748 Maratheno
463 1716 502 1748 et
517 1709 568 1747 de
584 1707 723 1747 ceteris
743 1707 954 1747 obiecisset
969 1721 980 1756 3
1008 1707 1236 1759 praesertim
1257 1720 1348 1746 curn
1370 1705 1546 1745 Fannius

207 1788 427 1825 numquam
452 1774 501 1813 sit
525 1773 684 1813 habitus
711 1773 888 1824 elinguis.
949 1775 1054 1812 Nam
1075 1781 1114 1812 et
1134 1786 1272 1812 causas
1293 1771 1545 1812 defensitavit

207 1847 246 1878 et
274 1839 497 1879 tribunatus
527 1839 610 1879 eius
639 1839 800 1879 arbitrio
827 1847 866 1878 et
885 1838 1117 1878 auctoritate
1139 1841 1180 1878 P.
1206 1837 1383 1878 Africani
1410 1845 1544 1889 gestus
1564 1860 1605 1893 25

207 1918 288 1943 non
327 1905 519 1944 obscurus
557 1905 641 1944 fuit.
713 1907 826 1944 Alter
862 1913 995 1944 autem
1036 1905 1081 1945 C.
1116 1903 1291 1943 Fannius
1331 1905 1387 1942 M.
1427 1903 1543 1952 filius,

208 1971 253 2010 C.
277 1970 386 2009 Laeli
414 1984 543 2021 gener,
567 1978 606 2009 et
635 1970 811 2009 moribus
845 1978 884 2009 et
914 1970 1002 2021 ipso
1034 1983 1177 2021 genere
1207 1969 1369 2009 dicendi
1399 1968 1543 2008 durior.

129 2053 185 2077 101
208 2037 248 2074 Is
269 2035 395 2075 soceri
424 2035 615 2084 instituto,
639 2050 770 2086 quem,
802 2036 895 2087 quia
923 2044 1134 2087 cooptatus
1162 2035 1203 2074 in
1231 2048 1424 2086 augurum
1454 2048 1547 2074 con-

207 2100 351 2151 legium
383 2114 465 2140 non
494 2109 586 2149 erat,
609 2115 691 2139 non
720 2102 941 2140 admodum
971 2101 1170 2152 diligebat,
1193 2099 1422 2151 praesertim
1452 2114 1544 2140 cum

207 2167 272 2205 ille
293 2168 343 2216 Q.
366 2169 596 2206 Scaevolam
615 2167 689 2206 sibi
710 2167 904 2206 minorem
924 2175 1019 2206 natu
1035 2180 1224 2218 generum
1244 2166 1546 2217 praetulisset—
1565 2188 1607 2220 30

207 2230 271 2270 cui
291 2238 425 2270 tamen
456 2231 614 2270 Laelius
635 2245 676 2271 se
706 2245 898 2271 excusans
925 2245 1007 2271 non
1036 2245 1182 2283 genero
1208 2230 1352 2270 minori
1378 2231 1476 2271 dixit
1503 2245 1545 2270 se

254 2345 270 2374 7
296 2335 334 2366 C.
353 2341 387 2366 et
405 2335 448 2367 M.
469 2335 542 2367 H2:
569 2336 607 2368 C.
631 2336 676 2368 M.
701 2335 730 2366 L
843 2338 864 2368 8
889 2336 980 2367 filius
1002 2335 1121 2367 FGO:
1155 2335 1305 2367 Fannius
1331 2335 1360 2367 C
1460 2346 1482 2376 9
1505 2335 1544 2367 C.

209 2378 284 2410 add.
303 2379 398 2417 Jahn
491 2380 543 2417 18,
562 2389 600 2419 19
625 2385 677 2412 est
696 2404 704 2412 .
725 2404 733 2411 .
757 2404 764 2412 .
784 2384 837 2411 est
861 2380 983 2412 maluit
998 2380 1089 2412 Bake
1177 2390 1219 2411 22
1244 2381 1276 2411 ei
1302 2378 1440 2412 Gruter:
1463 2385 1498 2411 et
1513 2378 1543 2414 L

210 2432 262 2463 27,
281 2423 324 2453 28
347 2423 473 2456 durior.
522 2423 555 2455 Is
579 2425 689 2465 vulg:
713 2424 858 2456 durioris
879 2423 909 2454 L
