1630 2730
157 179 202 217 31
223 176 284 208 118
596 170 653 209 M.
684 170 855 208 TVLLI
883 169 1193 211 CICERONIS

220 282 261 321 in
294 281 459 330 Fannio,
495 296 546 322 ne
579 281 620 321 in
652 282 806 322 Rutilio
841 281 1003 333 quidem
1043 295 1239 332 magnam,
1274 280 1315 319 in
1344 280 1559 320 Tuberone

143 357 201 391 ¹19
220 349 370 387 nullam
399 348 518 387 video
550 347 681 387 fuisse.
742 350 794 386 Et
823 361 919 398 ego:
960 349 1065 395 Non,
1099 346 1275 397 inquam,
1309 348 1441 394 Brute,
1475 345 1560 385 sine

220 427 350 462 causa,
386 421 593 464 propterea
631 415 741 464 quod
775 413 940 452 istorum
972 412 1012 451 in
1044 411 1260 452 dialecticis
1299 411 1429 451 omnis
1466 425 1560 450 cura

220 478 476 527 consumitur,
509 492 653 529 vagum
686 478 784 518 illud
823 477 1013 517 orationis
1047 485 1086 517 et
1119 479 1250 516 fusum
1282 484 1321 516 et
1355 476 1560 528 multiplex

219 558 302 584 non
335 544 547 584 adhibetur
584 558 719 595 genus.
779 546 891 583 Tuus
924 552 1059 583 autem
1092 544 1321 590 avunculus,
1353 556 1473 593 quem
1507 543 1559 582 ad
1579 558 1596 590 5

220 611 387 649 modum
426 609 513 658 scis,
549 610 670 650 habet
703 623 725 648 a
759 609 901 649 Stoicis
932 609 973 649 id
1003 610 1113 660 quod
1150 597 1309 648 ab‘illis
1339 609 1559 659 petendum

219 675 293 714 fuit
307 690 317 724 3
347 676 416 714 sed
438 675 569 714 dicere
596 674 735 714 didicit
755 689 778 714 a
798 675 961 715 dicendi
987 674 1180 726 magistris
1207 687 1426 724 eorumque
1449 687 1559 713 more

219 754 262 780 se
281 741 464 780 exercuit.
525 742 647 791 Quod
674 740 705 779 si
735 741 870 780 omnia
893 755 917 779 a
942 740 1191 792 philosophis
1215 747 1347 779 essent
1373 741 1555 791 petenda,

140 814 202 838 120
220 806 572 857 Peripateticorum
589 806 776 845 institutis
793 806 1044 845 commodius
1061 807 1272 856 fingeretur
1287 804 1422 845 oratio.
1465 806 1558 855 Quo

220 871 343 923 magis
372 879 496 920 tuum,
525 874 656 920 Brute,
683 871 875 911 iudicium
906 872 1043 923 probo,
1074 871 1142 922 qui
1171 884 1309 910 eorum
1340 869 1398 924 [id
1426 878 1486 910 est
1512 885 1559 910 ex
1580 885 1619 908 10

217 945 349 976 vetere
369 935 604 990 Academia]
625 937 956 988 philosophorum
973 944 1121 976 sectam
1142 943 1300 975 secutus
1321 949 1376 985 es,
1389 949 1559 987 quorum

218 1002 258 1040 in
293 1002 474 1041 doctrina
507 1010 627 1052 atque
658 1002 878 1053 praeceptis
912 1001 1134 1041 disserendi
1171 1001 1270 1041 ratio
1308 1001 1560 1053 coniungitur

218 1081 309 1107 cum
331 1067 523 1106 suavitate
546 1067 707 1106 dicendi
727 1075 766 1106 et
793 1067 908 1118 copia
921 1083 932 1117 3
963 1081 1207 1118 quamquam
1227 1080 1275 1106 ea
1299 1066 1385 1118 ipsa
1405 1067 1560 1119 Peripa-

217 1134 427 1173 teticorum
452 1135 868 1186 Academicorumque
888 1135 1138 1174 consuetudo
1165 1134 1206 1172 in
1225 1133 1377 1173 ratione
1397 1133 1558 1173 dicendi

217 1196 305 1236 talis
335 1205 393 1236 est
419 1205 462 1236 ut
489 1212 564 1237 nec
591 1199 778 1249 perficere
798 1205 994 1237 oratorem
1020 1197 1146 1248 possit
1165 1196 1253 1248 ipsa
1277 1210 1347 1247 per
1372 1210 1459 1236 sese
1482 1209 1557 1236 nec
1578 1212 1618 1246 15

217 1262 303 1302 sine
323 1277 369 1301 ea
389 1270 519 1302 orator
539 1277 625 1302 esse
648 1265 857 1314 perfectus.
918 1265 1023 1302 Nam
1051 1270 1094 1302 ut
1114 1262 1338 1302 Stoicorum
1364 1261 1558 1301 astrictior

217 1336 276 1367 est
305 1328 431 1367 oratio
461 1328 746 1380 aliquantoque
775 1328 1014 1368 contractior
1042 1342 1163 1379 quam
1195 1341 1309 1367 aures
1339 1327 1479 1379 populi
1503 1341 1559 1367 re-

217 1393 389 1444 quirunt,
425 1393 481 1433 sic
519 1394 676 1434 illorum
710 1393 869 1434 liberior
907 1402 945 1434 et
983 1393 1098 1433 latior
1131 1407 1252 1445 quam
1285 1393 1430 1445 patitur
1467 1406 1559 1433 con-

217 1460 388 1498 suetudo
415 1459 653 1498 iudiciorum
674 1467 712 1499 et
738 1459 822 1499 fori.
883 1459 984 1509 Quis
1004 1459 1111 1499 enim
1136 1458 1294 1498 uberior
1316 1458 1357 1497 in
1384 1458 1557 1498 dicendo

137 1538 195 1561 121
218 1525 414 1564 Platone?
470 1526 609 1564 Iovem
639 1524 695 1564 sic
723 1525 834 1564 aiunt
862 1524 1103 1576 philosophi,
1126 1524 1157 1563 si
1183 1525 1334 1564 Graece
1360 1526 1555 1575 loquatur,
1578 1540 1619 1563 20

216 1589 337 1640 loqui.
411 1590 512 1640 Quis
550 1590 764 1630 Aristotele
803 1591 1018 1639 nervosior,
1056 1591 1336 1641 Theophrasto
1375 1589 1558 1630 dulcior?

218 1655 475 1695 Lectitavisse
520 1657 729 1695 Platonem
777 1656 965 1704 studiose,
1007 1655 1206 1695 audivisse
1250 1655 1369 1695 etiam
1412 1657 1559 1696 Demo-

216 1722 377 1759 sthenes
406 1720 729 1771 dicitur—idque
757 1728 920 1772 apparet
943 1734 990 1760 ex
1009 1734 1153 1771 genere
1179 1728 1218 1760 et
1237 1720 1458 1772 granditate
1476 1734 1558 1761 ver-

216 1786 385 1834 borum3
413 1786 510 1825 dicit
529 1786 649 1826 etiam
669 1786 710 1825 in
731 1788 903 1837 quadam
925 1787 1094 1838 epistula
1122 1786 1229 1826 hoc
1219 1799 1305 1837 1pse
1324 1787 1376 1826 de
1402 1800 1551 1835 sese—‚

217 1852 288 1890 sed
308 1859 347 1890 et
367 1851 484 1890 huius
509 1852 635 1891 oratio
655 1852 695 1890 in
715 1852 1012 1903 philosophiam
1033 1853 1171 1891 tralata
1190 1851 1418 1903 pugnacior,
1439 1859 1483 1891 ut
1501 1852 1556 1892 ita
1575 1866 1630 1900 25

216 1916 360 1964 dicam,
381 1916 561 1956 videatur
580 1925 619 1956 et
638 1917 825 1956 illorum
815 1931 856 1956 1n
877 1917 1024 1957 iudicia
1042 1917 1228 1969 pacatior.

271 1983 392 2021 Nunc
425 1982 665 2033 reliquorum
694 1990 894 2023 oratorum
922 1990 1085 2031 aetates,
1113 1982 1145 2021 si
1174 1984 1314 2033 placet,
1345 1989 1384 2022 et
1411 1983 1555 2034 gradus

182 2066 185 2068 ·
215 2060 508 2097 persequamur.
569 2048 697 2087 Nobis
731 2062 835 2096 vero,
867 2050 997 2098 inquit
1025 2047 1196 2097 Atticus,
1229 2055 1268 2087 et
1300 2048 1556 2088 vehementer

216 2111 391 2162 quidem,
414 2120 456 2151 ut
475 2126 547 2163 pro
572 2115 695 2153 Bruto
721 2113 840 2153 etiam
866 2115 1141 2164 respondeam.
1201 2112 1323 2154 Curio
1342 2113 1415 2153 fuit
1440 2113 1557 2165 igitur

215 2178 395 2217 eiusdem
420 2178 558 2218 aetatis
584 2180 664 2218 fere
693 2192 788 2218 sane
811 2179 983 2218 inlustris
1010 2186 1153 2227 orator,
1180 2178 1292 2218 cuius
1318 2180 1369 2218 de
1394 2179 1555 2231 ingenio
1572 2193 1630 2246 3οΞ

217 2258 263 2283 ex
293 2243 537 2283 orationibus
564 2244 648 2284 eius
669 2244 880 2284 existimari
903 2252 1057 2296 potest:
1087 2251 1179 2284 sunt
1205 2243 1311 2283 enim
1332 2251 1371 2284 et
1392 2244 1493 2285 aliae
1516 2252 1555 2285 et
1622 2265 1630 2311 2‹

148 1961 199 1999 32

136 2022 194 2045 122

259 2358 282 2388 9
304 2352 405 2387 atque
421 2348 701 2380 Academicorum
723 2349 799 2381 inst.
817 2349 954 2381 Martha
1103 2358 1155 2389 10,
1176 2358 1212 2379 11
1239 2348 1272 2380 id
1297 2353 1351 2380 est
1373 2372 1382 2380 .
1403 2373 1411 2381 .
1432 2373 1440 2381 .
1466 2349 1554 2382 Aca-

217 2391 328 2422 demia
343 2393 411 2423 secl.
432 2392 623 2423 Lambinus
735 2404 772 2432 14
798 2403 892 2425 cons.
914 2393 1046 2424 ratione
1063 2392 1194 2432 Kayser
1256 2393 1400 2424 docendi
1416 2392 1555 2425 Martha

214 2445 258 2466 20
281 2435 331 2466 sic
348 2436 443 2466 aiunt
457 2435 600 2468 schulz:
625 2437 674 2468 sic
691 2442 727 2468 ut
743 2439 837 2468 aiunt
849 2437 879 2468 L
969 2439 1012 2468 26
1034 2435 1351 2468 videaturErnesti:
1375 2436 1552 2469 videturL
1614 2476 1616 2478 v

215 2480 257 2510 28
284 2479 394 2519 inquit
410 2479 486 2512 add.
506 2480 612 2522 vulg:
636 2491 702 2513 om.
723 2481 750 2512 L
