1696 2730
155 172 210 220 65
229 184 295 208 220
590 169 646 207 M.
688 167 859 207 TVLLI
899 166 1210 208 CICERONIS

225 275 355 313 laxare
386 286 642 324 nequeamus.
702 274 878 311 Multum
907 271 1069 312 interest
1098 278 1230 311 utrum
1264 282 1476 309 numerosa
1506 267 1566 317 sit,

226 339 268 379 id
288 346 347 379 est
367 339 504 379 similis
525 352 791 386 numerorum,
805 351 858 376 an
877 339 995 389 plane
1011 351 1033 377 e
1049 336 1223 376 numeris
1243 341 1400 375 constet
1418 334 1544 374 oratio
1559 349 1570 383 3

225 407 392 445 alterum
422 405 455 444 si
483 406 536 453 fit,
559 403 807 443 intolerabile
833 403 972 443 vitium
1002 410 1073 451 est,
1093 405 1261 442 alterum
1287 401 1364 441 nisi
1383 402 1437 449 fit,
1459 399 1569 440 dissi-

226 479 318 523 pata
338 478 377 511 et
396 471 545 510 inculta
564 478 603 509 et
623 471 750 509 fluens
770 476 829 508 est
849 462 986 508 oratio.

281 538 360 577 Sed
398 536 588 588 quoniam
626 549 709 574 non
742 536 865 575 modo
898 548 979 574 non
1017 536 1242 585 frequenter
1278 546 1415 572 verum
1452 531 1571 572 etiam
1591 551 1608 584 5

225 616 312 642 raro
335 602 376 640 in
396 601 496 641 veris
525 601 653 641 causis
680 608 749 640 aut
776 599 999 640 forensibus
1025 598 1319 649 circumscripte
1347 611 1572 637 numerose-

226 683 305 720 que
335 669 552 708 dicendum
591 675 660 716 est,
694 667 807 718 sequi
836 667 1002 715 videtur,
1033 673 1077 705 ut
1114 665 1320 705 videamus
1353 677 1456 715 quae
1494 663 1572 703 sint

227 735 292 774 illa
321 748 423 786 quae
454 747 571 786 supra
599 732 680 773 dixi
708 722 845 781 incisa,
866 746 968 783 quae
997 731 1187 771 membra.
1248 732 1364 769 Haec
1392 729 1499 769 enim
1529 728 1570 768 in

226 801 327 840 veris
356 799 484 840 causis
513 798 726 838 maximam
754 805 907 849 partem
933 796 1121 836 orationis
1150 795 1344 835 obtinent.
1404 795 1572 835 Constat

226 866 334 905 enim
365 865 429 905 ille
460 864 633 904 ambitus
665 871 704 903 et
734 865 852 914 plena
880 861 1185 913 comprehensio
1218 875 1241 900 e
1274 867 1460 912 quattuor
1491 861 1572 900 fere
1592 876 1631 899 10
1690 867 1696 919 ἑ

225 931 415 983 partibus,
451 944 553 982 quae
596 929 775 969 membra
814 927 995 976 dicimus,
1035 935 1078 966 ut
1116 934 1155 966 et
1191 925 1295 965 auris
1332 925 1495 977 impleat
1533 932 1574 965 et
1692 921 1696 932 ¹

226 1011 358 1047 neque
378 995 533 1035 brevior
552 995 601 1034 sit
620 1009 741 1046 quarn
761 994 854 1034 satis
874 994 923 1033 sit
942 1007 1073 1045 neque
1092 992 1257 1044 longior.
1316 993 1572 1042 Quamquam

226 1070 439 1113 utrumque
467 1075 550 1100 non
584 1073 803 1111 numquam
835 1061 897 1099 vel
928 1059 1059 1110 potius
1091 1072 1209 1110 saepe
1241 1057 1397 1105 accidit,
1428 1064 1472 1096 ut
1504 1063 1572 1096 aut

225 1127 341 1166 citius
360 1126 625 1166 insistendum
645 1125 694 1164 sit
719 1132 787 1164 aut
813 1125 969 1176 longius
994 1125 1310 1176 procedendum,
1328 1136 1379 1162 ne
1402 1122 1572 1162 brevitas
1692 1166 1696 1167 ⁷

226 1194 456 1232 defrudasse
486 1191 590 1231 auris
623 1191 803 1231 videatur
839 1203 940 1230 neve
969 1190 1178 1241 longitudo
1216 1188 1432 1228 obtudisse.
1491 1189 1571 1227 Sed
1591 1200 1628 1233 15
1687 1215 1696 1235 ,³

226 1258 357 1298 habeo
386 1256 669 1297 mediocritatis
697 1256 891 1295 rationem
906 1271 917 1305 3
955 1269 1030 1295 nec
1061 1254 1168 1295 enim
1198 1256 1341 1306 loquor
1373 1255 1424 1293 de
1456 1266 1571 1292 versu

144 1341 207 1364 222
227 1331 266 1362 et
295 1331 354 1362 est
382 1322 541 1362 liberior
569 1322 773 1373 aliquanto
812 1321 948 1360 oratio.
1009 1319 1061 1374 [E
1092 1319 1427 1372 quattuor-igitur
1459 1317 1573 1370 quasi

226 1390 544 1428 hexametrorum
573 1387 695 1427 instar
722 1400 906 1426 versuum
938 1387 1048 1437 quod
1079 1386 1129 1425 sit
1162 1392 1318 1425 constat
1346 1386 1426 1424 fere
1454 1386 1574 1436 plena

226 1452 562 1506 comprehensio]
638 1452 716 1491 His
754 1452 870 1503 igitur
908 1451 1071 1503 singulis
1109 1451 1287 1490 versibus
1325 1449 1438 1501 quasi
1474 1448 1573 1489 nodi

226 1527 419 1571 apparent
438 1517 760 1566 continuationis,
782 1531 883 1569 quos
912 1517 953 1556 in
980 1516 1133 1557 ambitu
1153 1515 1443 1567 coniungimus.
1502 1514 1572 1555 Sin
1592 1531 1632 1555 20

227 1585 479 1625 membratim
518 1586 701 1623 volumus
740 1583 882 1632 dicere,
918 1582 1136 1622 insistimus
1174 1589 1305 1633 atque,
1341 1594 1434 1621 cum
1472 1594 1573 1632 opus

226 1658 297 1699 est,
318 1651 370 1690 ab
390 1650 466 1690 isto
495 1664 612 1689 cursu
641 1649 839 1688 invidioso
867 1648 982 1688 facile
1007 1662 1080 1688 nos
1107 1655 1146 1687 et
1173 1661 1291 1699 saepe
1317 1646 1570 1698 diiungimus.

227 1718 306 1757 Sed
344 1716 443 1755 nihil
480 1723 561 1755 tam
600 1716 721 1755 debet
759 1729 845 1755 esse
883 1728 1141 1754 numerosum
1179 1727 1300 1765 quam
1338 1714 1427 1762 hoc,
1463 1713 1573 1763 quod

227 1782 392 1822 minime
422 1789 585 1834 apparet
615 1789 654 1821 et
683 1782 787 1821 valet
817 1780 1043 1832 plurimum.
1103 1781 1163 1818 Ex
1195 1780 1273 1818 hoc
1302 1791 1445 1830 genere
1473 1777 1572 1817 illud

228 1856 287 1887 est
317 1847 472 1888 Crassi:
514 1847 662 1886 Missos
691 1847 838 1886 faciant
870 1854 1059 1898 patronos
1074 1860 1084 1894 3
1116 1844 1192 1896 ipsi
1222 1845 1416 1896 prodeant
1429 1842 1572 1893 3-——nisi
1592 1857 1632 1890 25

227 1915 433 1953 intervallo
453 1913 615 1953 dixisset
634 1912 708 1964 ipsi
727 1914 933 1964 prodeant,
955 1911 1141 1951 sensisset
1160 1911 1338 1962 profecto
1357 1923 1400 1949 se
1423 1908 1572 1949 fudisse

228 1979 451 2028 senarium3
493 1979 659 2018 omnino
689 1978 830 2018 melius
864 1979 1023 2018 caderet
1055 1978 1250 2028 prodeant
1282 1974 1381 2027 ipsi3
1420 1975 1492 2014 sed
1522 1975 1573 2014 de

148 2062 210 2094 223
228 2059 371 2096 genere
402 2058 509 2083 nunc
543 2044 704 2095 disputo
716 2058 853 2094 3—cur
890 2042 1146 2083 clandestinis
1184 2040 1358 2081 consiliis
1395 2053 1470 2080 nos
1507 2053 1574 2092 op·

149 513 208 552 66

145 583 205 606 221

276 2160 290 2181 1
318 2150 528 2189 multumque
545 2148 672 2190 Stangl
794 2148 815 2178 6
838 2152 896 2180 aut
912 2147 942 2178 L
957 2158 964 2178 :
989 2157 1029 2178 ac
1045 2145 1188 2188 Madvig
1204 2145 1309 2188 (Adv.
1330 2144 1407 2177 Crit.
1428 2144 1472 2176 iii.
1489 2145 1546 2184 99)
1563 2156 1570 2176 :

230 2199 265 2225 et
282 2194 408 2225 Sclm'tz
497 2198 556 2224 aut
574 2192 768 2224 forensibus
783 2192 851 2223 secl.
870 2192 1003 2232 Kayser
1119 2200 1156 2221 11
1183 2190 1336 2230 partibus
1352 2188 1382 2219 L
1397 2199 1404 2220 :
1428 2189 1573 2220 senariis

230 2238 385 2269 versibus
401 2237 530 2278 Stangl
542 2238 596 2278 (ex
611 2236 726 2277 Quint.
747 2236 792 2268 ix.
808 2246 838 2276 4,
857 2237 931 2275 125)
1057 2244 1162 2265 11—12
1187 2238 1221 2264 et
1238 2243 1351 2273 neque
1363 2232 1550 2273 Heerdegen
1564 2243 1571 2263 :

231 2287 265 2312 et
293 2292 382 2312 neve
407 2281 436 2312 L
452 2292 459 2312 :
493 2291 580 2312 neve
607 2280 755 2320 Stangl:
789 2285 823 2311 et
851 2290 894 2310 ne
919 2279 1008 2320 vulg.
1148 2287 1254 2317 17—19
1279 2277 1306 2308 E
1333 2281 1492 2317 quattuor
1507 2299 1516 2307 .
1534 2299 1542 2308 .
1563 2301 1570 2310 .

231 2325 492 2364 comprehensio
509 2324 653 2355 damnat
666 2323 864 2364 Heerdegen,
883 2324 954 2354 secl.
971 2321 1098 2363 Stangl
1238 2331 1278 2351 21
1304 2325 1407 2360 atque
1423 2319 1551 2361 Stangl
1563 2330 1570 2351 :

230 2369 332 2408 idque
349 2369 378 2400 L
512 2378 555 2407 23
579 2369 682 2399 debet
699 2377 776 2399 esse
791 2366 821 2397 L
839 2378 846 2398 :
871 2367 956 2398 solet
973 2376 1049 2398 esse
1066 2364 1191 2396 Piderit
1206 2376 1214 2396 z
1238 2369 1290 2396 est
1306 2364 1398 2396 Bake
1529 2364 1573 2395 26

231 2412 384 2453 profecto
401 2422 438 2443 se
455 2411 582 2443 fudisse
599 2411 687 2444 codd.
705 2411 777 2443 dett.
795 2422 802 2443 ε
827 2411 999 2451 profectos
1016 2409 1178 2450 effugisse
1195 2407 1225 2439 L
