1630 2730
115 153 169 191 42
190 160 252 195 154
561 146 619 185 M.
650 146 820 185 TVLLI
852 146 1162 187 CICERONIS

185 258 227 298 in
261 265 427 309 utraque
465 272 506 298 re
539 258 831 298 consideratam
870 258 1096 298 tarditatem
1134 257 1228 297 vicit
1265 255 1524 308 expediendis

187 323 528 374 conficiendisque
552 324 680 363 rebus.
740 323 805 363 Sic
834 331 873 363 et
902 324 1022 363 habet
1052 324 1162 374 quod
1191 331 1358 374 uterque
1386 335 1525 362 eorum

106 400 166 433 155
187 388 340 438 habuit,
361 397 399 429 et
420 388 590 440 explevit
616 390 727 440 quod
753 388 909 440 utrique
935 388 1072 428 defuit.
1132 390 1275 439 Itaque
1294 396 1338 427 ut
1358 389 1524 428 Crassus

187 454 286 492 mihi
317 454 474 494 videtur
510 454 726 505 sapientius
757 454 898 493 fecisse
928 468 1049 505 quam
1083 453 1394 493 Scaevola—hic
1417 452 1524 492 enim

187 533 326 558 causas
346 519 533 560 studiosev
550 519 776 570 recipiebat,
798 518 839 558 in
864 519 1009 570 quibus
1035 533 1059 558 a
1079 520 1223 559 Crasso
1243 518 1525 570 superabatur;
1545 536 1562 568 5

187 584 253 624 ille
282 598 324 624 se
353 585 507 624 consuli
536 586 708 632 nolebat,
738 598 788 624 ne
822 598 902 635 qua
931 584 972 623 in
1002 598 1044 623 re
1074 584 1234 624 inferior
1267 591 1371 623 esset
1404 597 1526 634 quam

189 651 444 698 Scaevola—‚
481 650 536 689 sic
577 650 734 690 Servius
782 650 1083 701 sapientissime,
1118 664 1211 689 cum
1249 651 1353 689 duae
1391 648 1526 688 civiles

189 723 292 755 artes
321 729 368 755 ac
395 717 572 756 forenses
605 715 820 767 plurimum
851 723 890 754 et
919 715 1048 754 laudis
1079 716 1272 755 haberent
1300 722 1339 755 et
1366 714 1523 766 gratiae,

189 781 354 831 perfecit
392 789 435 820 ut
472 783 594 820 altera
631 789 845 832 praestaret
882 780 1080 828 omnibus,
1121 794 1169 820 ex
1212 782 1334 820 altera
1371 787 1526 819 tantum

189 854 408 885 assumeret
436 854 630 897 quantum
665 854 768 886 esset
797 854 836 885 et
864 847 916 885 ad
946 847 1142 885 tuendum
1170 846 1231 885 ius
1265 845 1379 885 civile
1408 852 1447 885 et
1475 846 1527 885 ad
1552 863 1588 886 10

108 913 172 956 156
190 912 452 952 obtinendam
490 914 739 951 consularem
778 911 1012 962 dignitatem
1050 911 1154 950 satis.
1213 913 1320 951 Tum
1358 913 1526 952 Brutus:

191 979 254 1016 Ita
281 991 451 1028 prorsus,
474 977 614 1028 inquit,
643 985 682 1017 et
711 985 829 1016 antea
857 976 1239 1027 putabam—audivi
1268 976 1376 1016 enim
1402 990 1528 1028 nuper

189 1057 282 1083 eum
311 1043 489 1082 studiose
518 1051 557 1082 et
586 1045 813 1093 frequenter
842 1042 963 1091 Sarni,
982 1056 1075 1082 cum
1104 1057 1152 1082 ex
1180 1056 1230 1082 eo
1258 1042 1319 1082 ius
1348 1050 1528 1082 nostrum

188 1108 450 1160 pontificium,
474 1122 554 1159 qua
573 1122 620 1147 ex
639 1116 750 1159 parte
773 1122 866 1147 cum
889 1108 972 1147 iure
998 1108 1102 1147 civili
1131 1108 1392 1148 coniunctum
1412 1115 1525 1155 esset,

188 1176 331 1214 vellem
361 1182 698 1225 cognoscere—et
726 1187 835 1212 nunc
863 1187 998 1213 meum
1027 1173 1219 1214 iudicium
1248 1175 1376 1213 multo
1405 1172 1528 1224 magis
1551 1188 1588 1220 15

189 1241 384 1279 confirmo
423 1239 653 1279 testimonio
686 1247 725 1279 et
763 1239 913 1279 iudicio
947 1247 1040 1289 tuo3
1081 1240 1199 1279 simul
1232 1239 1330 1279 illud
1358 1240 1526 1290 gaudeo,

190 1306 300 1356 quod
321 1313 360 1344 et
379 1304 596 1355 aequalitas
609 1312 737 1344 vestra
757 1311 796 1343 et
815 1318 929 1355 pares
945 1306 1143 1344 honorum
1163 1306 1307 1355 gradus
1327 1311 1367 1344 et
1385 1303 1529 1343 artium

190 1370 494 1421 studiorumque
539 1369 652 1420 quasi
693 1369 862 1409 finitima
898 1370 1078 1409 vicinitas
1120 1377 1276 1409 tantum
1319 1370 1433 1409 abest
1476 1370 1528 1409 ab

190 1435 479 1475 obtrectatione
508 1441 545 1474 et
571 1429 730 1483 invidia,
760 1449 862 1486 quae
896 1437 997 1475 solet
1022 1437 1193 1475 lacerare
1221 1437 1443 1486 plerosque,
1470 1434 1528 1474 uti

190 1515 238 1541 ea
270 1515 352 1540 non
384 1502 507 1540 modo
541 1514 623 1540 non
657 1502 880 1541 exulcerare
910 1509 1080 1541 vestram
1108 1500 1273 1552 gratiam
1306 1502 1378 1541 sed
1407 1500 1527 1540 etiam
1548 1515 1591 1539 20

190 1566 403 1607 conciliare
433 1566 623 1606 videatur.
683 1566 804 1616 Quali
837 1567 945 1606 enirn
979 1575 1017 1607 te
1051 1581 1143 1618 erga
1172 1567 1284 1606 illum
1317 1566 1526 1618 perspicio,

110 1643 172 1681 157
192 1632 259 1672 tali
278 1632 390 1671 illum
409 1632 450 1671 in
471 1640 509 1672 te
529 1634 734 1672 voluntate
754 1632 983 1683 iudicioque
1003 1632 1183 1683 cognovi.
1243 1634 1386 1683 Itaque
1410 1633 1529 1672 doleo

191 1706 230 1739 et
250 1698 353 1738 illius
373 1698 541 1738 consilio
561 1706 600 1737 et
619 1705 688 1737 tua
706 1711 805 1738 voce
829 1701 1024 1750 populum
1045 1701 1276 1738 Romanum
1297 1711 1429 1738 carere
1447 1705 1530 1737 tarn

191 1764 260 1804 diu
276 1779 286 1813 ς
328 1765 439 1815 quod
477 1777 569 1803 cum
602 1777 673 1814 per
710 1777 753 1803 se
786 1765 1009 1804 dolendum
1043 1772 1102 1803 est
1133 1771 1219 1804 tum
1249 1765 1377 1803 multo
1406 1763 1530 1814 magis

190 1829 460 1869 consideranti
488 1831 540 1869 ad
569 1843 670 1880 quos
699 1829 773 1868 ista
802 1843 884 1869 non
913 1831 1051 1869 tralata
1073 1829 1166 1879 sint,
1185 1830 1257 1869 sed
1284 1829 1421 1869 nescio
1437 1839 1531 1880 ‘quo
1552 1844 1590 1876 25

191 1903 310 1947 pacto
340 1894 583 1934 devenerint.
643 1894 726 1934 Hic
759 1894 940 1934 Atticus:
971 1895 1169 1943 Dixeram,
1201 1894 1340 1945 inquit,
1375 1908 1400 1934 a
1429 1894 1533 1946 prin-

193 1961 308 2011 cipio,
331 1962 382 2000 de
411 1974 452 2000 re
481 1960 642 2011 publica
670 1968 714 1999 ut
739 1960 943 2000 sileremus
956 1975 968 2010 ς
996 1961 1130 2012 itaque
1162 1960 1366 1999 faciamus.
1425 1961 1531 1999 Nam

193 2026 226 2065 si
254 2026 330 2065 isto
359 2027 483 2065 modo
516 2027 700 2064 volumus
731 2026 904 2077 singulas
932 2040 994 2066 res
1027 2026 1262 2073 desiderare,
1295 2039 1378 2065 non
1407 2026 1531 2065 modo

193 2090 387 2141 querendi
416 2091 487 2130 sed
514 2104 564 2130 ne
595 2090 757 2142 lugendi
788 2091 952 2142 quidem
979 2093 1100 2131 finem
1131 2090 1382 2142 reperiemus.
1442 2092 1532 2130 Per-

192 2169 331 2207 gamus
369 2169 474 2207 ergo,
514 2155 688 2207 inquam,
729 2158 781 2196 ad
819 2156 971 2207 reliqua
1007 2165 1047 2196 et
1084 2156 1309 2195 institutum
1347 2155 1530 2196 ordinem
1549 2171 1593 2204 30

121 2076 176 2113 43

114 2127 174 2168 158

236 2262 258 2291 6
282 2261 419 2292 nolebat
436 2260 549 2301 vulg:
573 2261 704 2292 solebat
728 2259 760 2291 L
894 2271 912 2300 7
936 2261 1191 2301 sapientissime
1214 2260 1328 2301 vulga:
1362 2265 1531 2300 apsentis-

192 2315 290 2335 sume
306 2303 336 2334 L
491 2304 549 2344 qui
565 2315 640 2336 cum
656 2304 828 2336 Eberhard
971 2306 1059 2336 duae
1074 2304 1150 2335 H²z
1176 2305 1244 2335 duo
1259 2304 1289 2335 L
1308 2304 1351 2344 (et
1362 2305 1409 2335 sic
1421 2304 1531 2346 saepe)

196 2358 235 2388 19
259 2353 294 2379 et
331 2347 407 2380 add.
448 2349 539 2388 vulg.
571 2348 784 2389 (invidiaque
808 2348 877 2381 cod.
906 2348 984 2390 det.)
1144 2348 1194 2379 uti
1219 2358 1261 2379 ea
1285 2348 1375 2389 vulg.
1397 2359 1405 2379 :
1436 2353 1473 2379 ut
1496 2347 1532 2378 in

195 2391 331 2466 &Laeta
348 2415 356 2423 .
377 2415 385 2424 .
406 2415 414 2423 .
435 2392 626 2424 exulcerari
643 2416 650 2424 .
671 2414 679 2422 .
700 2417 708 2425 .
726 2392 898 2425 conciliari
914 2391 1052 2424 Martha
1155 2401 1199 2423 20
1223 2402 1396 2423 macerare
1414 2391 1536 2423 maluit

236 2446 256 2467 a
282 2445 339 2476 vtg
