1696 2730
142 155 191 195 51
214 157 275 195 ψ
566 147 623 184 M.
663 145 835 183 TVLLI
875 144 1186 185 CICERONIS

210 251 367 292 Omitto
406 251 623 290 Isocratem
662 248 960 301 discipulosque
999 249 1084 289 eius
1123 251 1330 301 Ephorum
1369 258 1409 290 et
1442 251 1548 291 Nau-

208 325 371 366 cratem,
390 330 634 368 quamquam
655 315 843 356 orationis
861 315 1068 356 faciendae
1087 324 1127 356 et
1145 318 1348 357 ornandae
1367 324 1548 357 auctores

208 382 508 434 locupletissimi
528 382 674 422 summi
693 381 769 433 ipsi
788 389 962 421 oratores
982 395 1068 421 esse
1087 383 1300 422 debebant.
1359 384 1439 423 Sed
1459 382 1548 434 quis

209 449 390 488 omnium
411 448 575 496 doctior,
598 447 687 499 quis
712 447 876 496 acutior,
898 447 986 498 quis
1012 447 1053 486 in
1079 448 1197 487 rebus
1216 450 1279 488 vel
1298 448 1548 488 inveniendis

208 515 270 553 vel
303 513 528 553 iudicandis
561 513 687 552 acrior
719 512 934 552 Aristotele
966 512 1039 552 fuit
1054 515 1072 552 ?
1110 513 1198 564 quis
1231 527 1348 565 porro
1382 514 1548 554 Isocrati
1568 524 1585 558 5

208 586 268 619 est
287 581 517 619 adversatus
543 578 765 618 infensius?
804 580 846 618 Is
870 577 987 629 igitur
1006 592 1163 618 versum
1183 578 1224 617 in
1245 578 1423 618 oratione
1442 586 1548 618 vetat

208 658 307 693 esse,
328 658 539 684 numerum
568 644 690 684 iubet.
750 643 846 683 Eius
872 643 1031 683 auditor
1049 645 1302 683 Theodectes
1331 643 1372 682 in
1398 643 1545 695 primis,

208 717 252 748 ut
270 709 503 749 Aristoteles
531 723 649 761 saepe
675 709 883 760 significat,
902 708 1050 760 politus
1078 708 1246 760 scriptor
1266 716 1387 760 atque
1411 708 1549 749 artifex

208 775 287 814 hoc
315 775 423 815 idem
453 783 492 814 et
517 775 637 815 sentit
656 782 695 815 et
714 774 931 826 praecipit;
959 775 1261 825 Theophrastus
1280 788 1375 814 vero
1394 773 1545 814 eisdem

208 841 260 880 de
285 841 403 879 rebus
430 840 549 880 etiam
578 840 812 879 accuratius.
871 839 972 889 Quis
1002 853 1095 891 ergo
1120 839 1217 879 istos
1245 841 1354 888 ferat,
1375 839 1444 891 qui
1472 841 1546 880 hos
1568 856 1608 879 ιο

207 913 389 945 auctores
419 920 501 945 non
527 907 727 957 probent?
760 905 836 944 nisi
862 905 1030 945 omnino
1055 907 1155 945 haec
1180 919 1266 945 esse
1292 906 1344 945 ab
1364 905 1420 945 eis
1440 919 1549 957 prae-

128 984 189 1017 173
208 978 324 1022 cepta
342 971 536 1011 nesciunt.
588 972 711 1020 Quod
732 970 764 1009 si
784 971 839 1010 ita
858 978 1049 1010 est—nec
1067 985 1162 1011 vero
1180 971 1292 1010 aliter
1311 971 1549 1011 existimo—

140 1601 190 1640 52

128 1660 191 1695 174

208 1036 316 1087 quid,
348 1036 423 1087 ipsi
457 1036 538 1076 suis
566 1036 749 1076 sensibus
777 1050 860 1076 non
890 1038 1128 1076 moventur?
1163 1036 1316 1076 nihilne
1344 1036 1401 1076 eis
1429 1036 1549 1077 inane

207 1102 373 1151 videtur,
407 1102 506 1141 nihil
539 1102 803 1150 inconditum,
839 1101 939 1141 nihil
976 1110 1143 1150 curtum,
1176 1102 1276 1141 nihil
1305 1103 1544 1151 claudicans,

207 1168 307 1207 nihil
327 1169 585 1208 redundans?
633 1170 682 1207 In
702 1181 816 1208 versu
843 1167 1005 1219 quidem
1033 1169 1185 1207 theatra
1204 1175 1290 1207 tota
1312 1170 1544 1217 exclamant,
1567 1181 1605 1214 15

207 1233 240 1272 si
260 1233 333 1272 fuit
359 1247 440 1272 una
464 1234 614 1285 syllaba
639 1241 707 1272 aut
732 1232 888 1273 brevior
913 1240 981 1272 aut
1000 1233 1155 1284 longior
1167 1248 1178 1282 3
1206 1247 1282 1273 nec
1300 1247 1395 1273 vero
1419 1233 1548 1273 multi-

208 1300 307 1338 tudo
333 1300 456 1350 pedes
482 1299 593 1339 novit
612 1313 688 1338 nec
713 1300 815 1338 ullos
849 1313 1038 1338 numeros
1063 1306 1172 1339 tenet
1205 1313 1281 1339 nec
1313 1299 1412 1339 illud
1437 1301 1548 1351 quod

208 1364 376 1404 offendit
400 1371 468 1403 aut
494 1372 604 1403 curat
629 1371 697 1403 aut
721 1364 763 1403 in
788 1378 869 1415 quo
898 1364 1066 1404 offendit
1098 1364 1290 1416 intellegit
1303 1380 1314 1414 3
1347 1372 1387 1405 et
1412 1373 1547 1405 tamen

208 1429 388 1469 omnium
405 1429 700 1480 longitudinum
721 1437 759 1469 et
774 1429 1012 1469 brevitatum
1032 1430 1073 1468 in
1094 1430 1201 1469 sonis
1221 1430 1323 1469 sicut
1341 1438 1545 1470 acutarum

206 1494 464 1546 graviumque
483 1508 628 1534 vocum
655 1494 848 1534 iudicium
874 1494 961 1547 ipsa
985 1502 1125 1535 natura
1150 1495 1191 1534 in
1216 1495 1377 1536 auribus
1402 1496 1547 1536 nostris
1567 1507 1607 1530 20

208 1560 442 1599 conlocavit.

262 1625 388 1665 Visne
416 1625 542 1676 igitur,
565 1628 696 1674 Brute,
720 1633 848 1666 totum
878 1627 986 1666 hunc
1015 1628 1148 1667 locum
1177 1627 1398 1667 accuratius
1426 1627 1547 1668 etiam

207 1691 450 1741 explicemus
470 1704 591 1742 quam
617 1691 674 1730 illi
699 1691 784 1743 ipsi,
807 1691 876 1743 qui
900 1699 939 1731 et
958 1693 1058 1732 haec
1083 1700 1122 1732 et
1140 1692 1218 1731 alia
1242 1692 1359 1732 nobis
1379 1693 1548 1733 tradide-

207 1764 310 1805 runt,
324 1771 375 1795 an
396 1756 457 1795 his
478 1757 657 1796 contenti
676 1771 764 1797 esse
783 1771 886 1808 quae
905 1758 956 1797 ab
975 1758 1051 1797 illis
1071 1758 1179 1797 dicta
1197 1766 1288 1797 sunt
1302 1760 1546 1810 possumus?

207 1824 288 1862 Sed
303 1822 401 1873 quid
416 1836 565 1873 quaero
579 1823 739 1872 velisne,
753 1837 845 1863 cum
861 1823 999 1863 litteris
1014 1823 1091 1863 tuis
1111 1824 1376 1864 eruditissime
1390 1824 1544 1875 scriptis
1564 1832 1604 1864 25

207 1895 246 1927 te
273 1888 314 1927 id
334 1889 396 1927 vel
426 1887 599 1927 maxime
622 1890 723 1928 velle
750 1888 1047 1940 perspexerim?
1094 1889 1271 1928 Primum
1300 1903 1393 1941 ergo
1422 1889 1546 1941 origo,

208 1953 355 1993 deinde
381 1967 511 2001 causa,
533 1962 624 2004 post
649 1961 798 2002 natura,
822 1962 907 1993 tum
933 1955 986 1994 ad
1011 1962 1231 1994 extremum
1256 1969 1351 1995 usus
1375 1955 1460 2007 ipse
1485 1969 1547 1995 ex-

207 2018 375 2070 plicetur
394 2018 583 2059 orationis
603 2027 719 2070 aptae
738 2027 859 2070 atque
878 2034 1124 2060 numerosae.

263 2085 368 2122 Nam
389 2083 458 2134 qui
475 2085 692 2123 Isocratem
713 2084 883 2124 maxime
904 2084 1105 2133 mirantur,
1119 2086 1197 2125 hoc
1215 2084 1257 2124 in
1276 2085 1360 2125 eius
1380 2086 1545 2126 summis

250 2198 270 2227 3
294 2198 402 2219 summ
409 2189 418 2219 i
434 2188 492 2220 A:
513 2189 707 2229 summique
724 2188 753 2219 L
885 2189 1056 2221 debebant
1072 2189 1107 2220 A
1125 2201 1132 2221 ε
1156 2190 1303 2222 debeant
1319 2189 1348 2221 L
1524 2202 1545 2231 4

207 2232 358 2262 omnium
375 2231 464 2263 AL:
488 2233 662 2264 hominum
676 2232 827 2273 Rufinus
843 2233 901 2273 (vi.
918 2234 1002 2276 570)
1099 2234 1176 2274 quis
1191 2235 1324 2266 acutior
1335 2234 1412 2275 quis
1427 2244 1494 2266 om.
1509 2235 1543 2266 A

207 2275 228 2305 6
252 2275 422 2307 infensius
439 2274 469 2306 L
486 2279 516 2307 et
529 2276 646 2316 Rufin.
667 2288 674 2308 :
698 2277 878 2317 inpensius
893 2277 927 2307 A
1095 2287 1134 2317 14
1158 2283 1290 2310 curtum
1303 2277 1333 2308 L
1349 2290 1356 2310 :
1380 2278 1543 2310 incultum

206 2318 241 2348 A
378 2329 414 2359 17
439 2320 531 2359 quod
547 2319 599 2353 L:
625 2320 733 2352 autA
892 2322 932 2352 18
955 2325 1052 2353 curat
1068 2320 1128 2353 A:
1151 2322 1300 2362 anquirit
1317 2320 1459 2363 Stangl:
1485 2333 1545 2354 cur

206 2360 238 2391 L
338 2367 396 2393 aut
414 2363 465 2394 L:
489 2368 525 2394 ut
543 2363 576 2393 A
668 2364 820 2396 offendat
836 2363 866 2395 L
965 2365 1144 2405 intellegat
1159 2365 1193 2395 A
1332 2376 1374 2406 23
1398 2365 1465 2397 alia
1480 2365 1542 2397 A:

207 2405 265 2436 illa
290 2405 319 2435 L
461 2417 504 2446 29
528 2407 602 2439 eius
629 2406 659 2438 L
685 2407 830 2449 Rufina
863 2408 976 2441 omnis
1002 2409 1060 2440 A:
1095 2419 1138 2441 eo
1163 2408 1272 2442 Bake:
1311 2409 1449 2451 scriptis
1478 2410 1545 2441 sive

206 2448 417 2480 orationibus
433 2450 511 2482 add.
530 2450 599 2485 edd.
