1696 2730
707 142 946 184 ORATOR
1438 148 1484 187 13
1503 154 1545 186 40

157 258 341 300 concisus
378 258 414 298 ei
452 257 771 308 Thrasymachus
809 253 972 300 minutis
1009 251 1182 292 numeris
1211 251 1409 291 videretur
1446 258 1485 291 et

159 323 335 374 Gorgias,
368 322 436 374 qui
473 330 607 362 tamen
644 320 760 373 primi
797 320 1004 359 traduntur
1035 326 1118 357 arte
1155 318 1328 368 quadam
1366 317 1486 355 verba

157 389 340 436 iunxisse,
374 389 612 427 Theodorus
643 393 777 426 autem
813 383 1065 436 praefractior
1101 396 1176 423 nec
1213 381 1319 430 satis,
1352 389 1396 420 ut
1431 381 1486 420 ita

158 454 301 502 dicam,
322 454 527 500 rotundus,
548 451 697 503 primus
717 450 885 490 instituit
909 450 1073 489 dilatare
1092 447 1221 488 verbis
1244 455 1283 487 et
1303 444 1486 486 molliori-

122 533 140 565 5
158 520 233 559 bus
261 517 435 558 numeris
463 519 618 568 explere
647 515 861 556 sententias
875 529 887 564 3
922 515 964 554 in
993 527 1074 565 quo
1102 527 1193 553 cum
1228 514 1389 552 doceret
1417 525 1486 551 eos

157 583 226 635 qui
254 584 395 635 partim
424 583 466 622 in
484 582 658 622 dicendo
686 581 828 633 partim
857 580 898 619 in
927 580 1138 619 scribendo
1157 577 1355 630 principes
1375 577 1487 616 exsti-

157 657 302 698 terunt,
321 650 465 688 domus
485 647 570 687 eius
595 647 753 687 officina
774 645 911 685 habita
935 644 1186 695 eloquentiae
1214 651 1283 683 est.
1344 645 1486 693 Itaque
1505 662 1544 695 41

158 723 202 754 ut
230 728 316 766 ego,
337 728 429 753 cum
454 727 478 753 a
503 720 640 753 nostro
669 714 823 753 Catone
851 710 1052 758 laudabar,
1073 711 1135 749 vel
1160 708 1396 760 reprehendi
1422 721 1487 747 me

159 792 183 820 a
213 779 349 819 ceteris
380 779 494 819 facile
523 778 712 830 patiebar,
747 777 803 817 sic
841 779 1036 816 Isocrates
1066 775 1222 814 videtur
1259 772 1487 813 testimonio

103 861 143 884 10
161 845 337 884 Platonis
356 844 522 884 aliorum
545 843 692 883 iudicia
717 842 863 882 debere
888 848 1154 881 contemnere.
1214 841 1286 878 Est
1305 838 1422 885 enim,
1445 845 1488 876 ut

161 910 249 959 scis,
290 909 402 961 quasi
439 909 480 948 in
518 917 692 948 extrema
727 907 872 960 pagina
909 906 1079 946 Phaedri
1122 904 1183 944 his
1227 904 1322 956 ipsis
1358 902 1488 943 verbis

159 978 328 1026 loquens
375 977 580 1014 Socrates:
622 975 871 1013 Adulescens
908 972 1027 1012 etiarn
1074 984 1192 1018 nunc,
1233 984 1258 1010 o
1296 970 1487 1016 Phaedre,

161 1043 355 1081 Isocrates
384 1048 454 1088 est,
477 1041 547 1079 sed
573 1039 670 1090 quid
693 1040 744 1078 de
767 1038 835 1078 illo
862 1051 1028 1088 augurer
1053 1036 1150 1076 libet
1178 1035 1320 1075 dicere.
1380 1033 1490 1083 Quid

160 1108 352 1146 tandem?
394 1105 522 1156 inquit
554 1104 629 1143 ille.
691 1103 844 1142 Maiore
881 1102 979 1141 mihi
1016 1100 1176 1152 ingenio
1213 1100 1368 1139 videtur
1404 1112 1490 1138 esse

105 1191 141 1223 15
161 1186 281 1224 quam
301 1179 344 1210 ut
372 1184 463 1210 cum
493 1169 737 1209 orationibus
767 1168 907 1219 Lysiae
932 1174 1195 1218 comparetur,
1214 1172 1415 1217 praeterea
1439 1165 1491 1203 ad

161 1237 344 1276 virtutem
374 1235 498 1276 maior
526 1235 681 1274 indoles
695 1249 705 1283 3
734 1241 778 1273 ut
803 1233 968 1272 minime
994 1232 1137 1271 mirum
1166 1233 1340 1270 futurum
1364 1229 1414 1268 sit
1445 1229 1489 1276 si,

162 1316 254 1343 cum
291 1309 420 1342 aetate
447 1300 694 1352 processerit,
722 1306 790 1338 aut
822 1299 863 1337 in
891 1300 970 1338 hoc
1002 1297 1227 1337 orationum
1255 1308 1398 1347 genere
1426 1294 1491 1334 cui

162 1381 270 1407 nunc
289 1368 422 1406 studet
441 1374 594 1421 tantum
621 1372 815 1415 quantum
836 1363 972 1416 pueris
991 1362 1151 1414 reliquis
1177 1368 1347 1412 praestet
1367 1359 1492 1400 omni-

162 1433 238 1472 bus
267 1432 335 1483 qui
364 1445 555 1483 umquam
581 1431 779 1470 orationes
807 1429 1019 1480 attigerunt
1046 1435 1127 1477 aut,
1147 1427 1179 1467 si
1199 1433 1410 1466 contentus
1430 1425 1491 1464 his

107 1519 148 1542 20
163 1511 246 1538 non
274 1497 401 1545 fuerit,
423 1497 559 1537 divino
586 1496 721 1547 aliquo
749 1495 871 1535 animi
900 1502 1011 1534 motu
1038 1493 1187 1533 maiora
1211 1492 1468 1542 concupiscat
1482 1507 1492 1540 3

163 1563 266 1602 inest
285 1562 390 1602 enim
412 1570 551 1601 natura
568 1561 822 1613 philosophia
839 1560 880 1599 in
900 1560 1017 1599 huius
1036 1558 1108 1598 viri
1127 1557 1261 1598 mente
1281 1558 1489 1608 quaedam.

166 1630 282 1667 Haec
301 1629 352 1668 de
371 1629 625 1667 adulescente
645 1628 825 1666 Socrates
844 1632 1065 1676 auguratur.
1123 1625 1177 1662 At
1196 1637 1243 1662 ea
1262 1624 1313 1662 de
1339 1622 1493 1662 seniore
1511 1647 1551 1678 42

164 1692 299 1732 scribit
319 1694 432 1732 Plato
452 1700 490 1732 et
510 1692 644 1731 scribit
662 1691 837 1742 aequalis
852 1698 892 1730 et
906 1689 1069 1741 quidem
1085 1688 1298 1739 exagitator
1312 1687 1493 1727 omnium

162 1759 364 1798 rhetorum
398 1759 504 1797 hunc
537 1757 697 1796 miratur
726 1770 848 1796 unum
864 1771 875 1805 3
913 1769 978 1794 me
1009 1762 1143 1794 autem
1176 1752 1244 1804 qui
1278 1755 1494 1792 Isocratem

109 1841 146 1874 ²5
164 1837 247 1864 non
266 1823 435 1874 diligunt
468 1836 547 1862 una
575 1836 667 1862 cum
691 1823 851 1862 Socrate
884 1828 924 1860 et
957 1833 1048 1859 cum
1083 1821 1249 1859 Platone
1282 1831 1407 1858 errare
1430 1831 1496 1869 pa-

164 1890 319 1929 tiantur.
381 1890 509 1928 Dulce
537 1888 653 1939 igitur
681 1886 868 1927 orationis
887 1899 1012 1936 genus
1037 1893 1077 1925 et
1097 1886 1270 1925 solutum
1291 1891 1329 1924 et
1355 1885 1492 1931 fluens,

165 1954 370 1994 sententiis
407 1961 599 2005 argutum,
640 1952 769 1992 verbis
807 1964 952 1991 sonans
996 1957 1055 1990 est
1098 1950 1139 1989 in
1177 1950 1245 1989 illo
1282 1948 1495 1999 epidictico

165 2032 308 2071 genere
328 2020 438 2070 quod
457 2018 628 2058 diximus
652 2017 854 2069 proprium
883 2016 1160 2067 sophistarum,
1182 2028 1354 2066 pompae
1373 2028 1493 2066 quam

167 2099 323 2137 pugnae
351 2084 490 2136 aptius,
512 2082 725 2135 gymnasiis
754 2090 792 2122 et
812 2084 1027 2133 palaestrae
1053 2081 1240 2128 dicatum,
1263 2087 1437 2132 spretum
1458 2087 1497 2119 et

108 2173 151 2205 30
166 2152 325 2202 pulsum
364 2151 459 2189 foro.
518 2150 598 2189 Sed
636 2149 746 2200 quod
783 2149 953 2188 educata
988 2146 1105 2185 huius
1136 2145 1387 2185 nutrimentis
1420 2146 1498 2184 elo-

209 2266 230 2296 3
254 2255 406 2287 iunxisse
425 2255 477 2286 L:
504 2254 657 2286 vinxisse
682 2252 770 2286 codd.
795 2252 869 2285 dett.
949 2252 1153 2283 Theodorus
1174 2250 1327 2282 Ernesti:
1362 2251 1498 2291 Thucy-

167 2299 263 2331 dides
282 2298 333 2330 L:
355 2299 570 2330 Theodectes
593 2297 726 2329 Nonius
867 2306 889 2336 9
912 2306 993 2336 prae
1013 2299 1089 2327 test.
1115 2294 1303 2335 Heerdegen
1457 2304 1496 2325 21

168 2343 384 2383 philosophia
399 2342 487 2384 vulg.
505 2354 512 2373 :
543 2341 785 2382 philosophiae
804 2340 832 2370 L
963 2349 1006 2370 22
1029 2343 1216 2379 auguratur
1230 2338 1265 2369 F
1273 2349 1280 2370 z
1314 2344 1500 2378 auguratus

171 2385 277 2418 OPM
286 2397 293 2416 :
326 2390 524 2426 auguratust
545 2385 670 2426 Stangl
841 2383 883 2414 26
906 2387 940 2414 et
963 2384 1072 2414 fluens
1096 2381 1215 2414 Orelli:
1243 2385 1278 2413 et
1302 2381 1446 2413 effluens
1470 2382 1498 2413 L

167 2439 212 2470 30
233 2429 425 2470 eloquentia
449 2434 502 2460 est
525 2427 576 2461 L:
602 2434 655 2460 est
676 2427 788 2459 delevit
807 2426 967 2469 Poggius,
991 2437 1057 2458 om.
1077 2425 1170 2458 Serv.
1193 2425 1241 2457 ad
1257 2424 1350 2467 Verg.
1366 2425 1453 2458 Aen.
1475 2426 1496 2458 i.

174 2474 235 2513 176
252 2485 260 2505 ε
283 2478 317 2505 et
330 2473 458 2515 scripsd
471 2472 632 2504 Fn'edn‘ch
