<?xml version="1.0" encoding="UTF-8"?>
<!DOCTYPE html PUBLIC "-//W3C//DTD XHTML 1.0 Transitional//EN"
    "http://www.w3.org/TR/xhtml1/DTD/xhtml1-transitional.dtd">
<html xmlns="http://www.w3.org/1999/xhtml" xml:lang="en" lang="en">
 <head>
  <title>
</title>
<meta http-equiv="Content-Type" content="text/html;charset=utf-8" />
  <meta name='ocr-system' content='tesseract 3.04.00' />
  <meta name='ocr-capabilities' content='ocr_page ocr_carea ocr_par ocr_line ocrx_word'/>
</head>
<body>
  <div class='ocr_page' id='page_1' title='image "./rhetoricarecogno02ciceuoft_0233.png"; bbox 0 0 1696 2730; ppageno 0'>
   <div class='ocr_carea' id='block_1_1' title="bbox 450 165 1556 207">
    <p class='ocr_par' dir='ltr' id='par_1_1' title="bbox 450 165 1556 207">
     <span class='ocr_line' id='line_1_1' title="bbox 450 165 1556 207; baseline -0.003 -1"><span class='ocrx_word' id='word_1_1' title='bbox 450 167 833 207; x_wconf 87' lang='lat' dir='ltr'>PARTITIONES</span> <span class='ocrx_word' id='word_1_2' title='bbox 872 166 1210 207; x_wconf 90' lang='lat' dir='ltr'><strong>ORATORIAE</strong></span> <span class='ocrx_word' id='word_1_3' title='bbox 1453 165 1498 204; x_wconf 91' lang='lat'>18</span> <span class='ocrx_word' id='word_1_4' title='bbox 1517 171 1556 203; x_wconf 89' lang='lat'>61</span> 
     </span>
    </p>
   </div>
   <div class='ocr_carea' id='block_1_2' title="bbox 1512 253 1559 291">
    <p class='ocr_par' dir='ltr' id='par_1_2' title="bbox 1512 253 1559 291">
     <span class='ocr_line' id='line_1_2' title="bbox 1512 253 1559 291; baseline 0.021 -1"><span class='ocrx_word' id='word_1_5' title='bbox 1512 253 1559 291; x_wconf 92' lang='lat'>18</span> 
     </span>
    </p>
   </div>
   <div class='ocr_carea' id='block_1_3' title="bbox 217 274 1555 345">
    <p class='ocr_par' dir='ltr' id='par_1_3' title="bbox 217 274 1555 345">
     <span class='ocr_line' id='line_1_3' title="bbox 217 274 1555 345; baseline -0.003 -28"><span class='ocrx_word' id='word_1_6' title='bbox 217 279 262 319; x_wconf 93' lang='lat' dir='ltr'>C.</span> <span class='ocrx_word' id='word_1_7' title='bbox 285 276 487 328; x_wconf 87' lang='lat' dir='ltr'>Quoniam</span> <span class='ocrx_word' id='word_1_8' title='bbox 520 284 560 316; x_wconf 87' lang='lat' dir='ltr'>et</span> <span class='ocrx_word' id='word_1_9' title='bbox 589 278 640 316; x_wconf 90' lang='lat' dir='ltr'>de</span> <span class='ocrx_word' id='word_1_10' title='bbox 671 275 759 327; x_wconf 89' lang='lat' dir='ltr'>ipso</span> <span class='ocrx_word' id='word_1_11' title='bbox 789 283 943 316; x_wconf 89' lang='lat' dir='ltr'>oratore</span> <span class='ocrx_word' id='word_1_12' title='bbox 980 283 1019 315; x_wconf 90' lang='lat' dir='ltr'>et</span> <span class='ocrx_word' id='word_1_13' title='bbox 1049 276 1101 315; x_wconf 89' lang='lat' dir='ltr'>de</span> <span class='ocrx_word' id='word_1_14' title='bbox 1138 274 1315 314; x_wconf 88' lang='lat' dir='ltr'>oratione</span> <span class='ocrx_word' id='word_1_15' title='bbox 1353 275 1494 323; x_wconf 89' lang='lat' dir='ltr'>dixisti,</span> <span class='ocrx_word' id='word_1_16' title='bbox 1515 313 1555 345; x_wconf 57' lang='grc' dir='ltr'>ω</span> 
     </span>
    </p>
   </div>
   <div class='ocr_carea' id='block_1_4' title="bbox 105 340 1605 2218">
    <p class='ocr_par' dir='ltr' id='par_1_4' title="bbox 105 340 1605 2218">
     <span class='ocr_line' id='line_1_4' title="bbox 162 340 1498 394; baseline -0.004 -11"><span class='ocrx_word' id='word_1_17' title='bbox 162 356 316 394; x_wconf 87' lang='lat' dir='ltr'>expone</span> <span class='ocrx_word' id='word_1_18' title='bbox 349 356 442 382; x_wconf 90' lang='lat' dir='ltr'>eum</span> <span class='ocrx_word' id='word_1_19' title='bbox 482 341 580 380; x_wconf 89' lang='lat' dir='ltr'>mihi</span> <span class='ocrx_word' id='word_1_20' title='bbox 616 355 724 381; x_wconf 89' lang='lat' dir='ltr'>nunc</span> <span class='ocrx_word' id='word_1_21' title='bbox 761 355 881 392; x_wconf 92' lang='lat' dir='ltr'>quem</span> <span class='ocrx_word' id='word_1_22' title='bbox 915 355 963 380; x_wconf 87' lang='lat' dir='ltr'>ex</span> <span class='ocrx_word' id='word_1_23' title='bbox 999 340 1123 380; x_wconf 89' lang='lat' dir='ltr'>tribus</span> <span class='ocrx_word' id='word_1_24' title='bbox 1161 348 1380 380; x_wconf 88' lang='lat' dir='ltr'>extremum</span> <span class='ocrx_word' id='word_1_25' title='bbox 1413 354 1498 391; x_wconf 91' lang='lat' dir='ltr'>pro-</span> 
     </span>
     <span class='ocr_line' id='line_1_5' title="bbox 162 405 1498 459; baseline -0.003 -12"><span class='ocrx_word' id='word_1_26' title='bbox 162 407 328 459; x_wconf 89' lang='lat' dir='ltr'>posuisti</span> <span class='ocrx_word' id='word_1_27' title='bbox 355 406 599 458; x_wconf 85' lang='lat' dir='ltr'>quaestionis</span> <span class='ocrx_word' id='word_1_28' title='bbox 625 408 769 445; x_wconf 91' lang='lat' dir='ltr'>locum.</span> <span class='ocrx_word' id='word_1_29' title='bbox 829 408 870 445; x_wconf 91' lang='lat' dir='ltr'>P.</span> <span class='ocrx_word' id='word_1_30' title='bbox 896 408 988 445; x_wconf 94' lang='lat' dir='ltr'>Duo</span> <span class='ocrx_word' id='word_1_31' title='bbox 1017 413 1109 444; x_wconf 87' lang='lat' dir='ltr'>sunt</span> <span class='ocrx_word' id='word_1_32' title='bbox 1138 413 1180 444; x_wconf 90' lang='lat' dir='ltr'>ut</span> <span class='ocrx_word' id='word_1_33' title='bbox 1208 405 1248 443; x_wconf 92' lang='lat' dir='ltr'>in</span> <span class='ocrx_word' id='word_1_34' title='bbox 1277 405 1389 444; x_wconf 93' lang='lat' dir='ltr'>initio</span> <span class='ocrx_word' id='word_1_35' title='bbox 1419 405 1498 444; x_wconf 88' lang='lat' dir='ltr'>dixi</span> 
     </span>
     <span class='ocr_line' id='line_1_6' title="bbox 162 470 1498 524; baseline -0.002 -12"><span class='ocrx_word' id='word_1_36' title='bbox 162 473 438 524; x_wconf 86' lang='lat' dir='ltr'>quaestionum</span> <span class='ocrx_word' id='word_1_37' title='bbox 471 486 626 524; x_wconf 88' lang='lat' dir='ltr'>genera,</span> <span class='ocrx_word' id='word_1_38' title='bbox 658 486 828 523; x_wconf 92' lang='lat' dir='ltr'>quorum</span> <span class='ocrx_word' id='word_1_39' title='bbox 860 473 1027 511; x_wconf 86' lang='lat' dir='ltr'>alterum</span> <span class='ocrx_word' id='word_1_40' title='bbox 1064 470 1220 510; x_wconf 88' lang='lat' dir='ltr'>finitum</span> <span class='ocrx_word' id='word_1_41' title='bbox 1253 470 1498 522; x_wconf 88' lang='lat' dir='ltr'>temporibus</span> 
     </span>
     <span class='ocr_line' id='line_1_7' title="bbox 125 535 1499 589; baseline -0.002 -12"><span class='ocrx_word' id='word_1_42' title='bbox 125 557 143 588; x_wconf 85' lang='lat'><strong>5</strong></span> <span class='ocrx_word' id='word_1_43' title='bbox 162 546 202 578; x_wconf 92' lang='lat' dir='ltr'>et</span> <span class='ocrx_word' id='word_1_44' title='bbox 229 537 407 589; x_wconf 86' lang='lat' dir='ltr'>personis</span> <span class='ocrx_word' id='word_1_45' title='bbox 435 551 596 577; x_wconf 88' lang='lat' dir='ltr'>causam</span> <span class='ocrx_word' id='word_1_46' title='bbox 615 538 785 588; x_wconf 89' lang='lat' dir='ltr'>appello,</span> <span class='ocrx_word' id='word_1_47' title='bbox 805 538 972 575; x_wconf 87' lang='lat' dir='ltr'>alterum</span> <span class='ocrx_word' id='word_1_48' title='bbox 1000 535 1199 574; x_wconf 89' lang='lat' dir='ltr'>infinitum</span> <span class='ocrx_word' id='word_1_49' title='bbox 1227 535 1344 575; x_wconf 91' lang='lat' dir='ltr'>nullis</span> <span class='ocrx_word' id='word_1_50' title='bbox 1368 550 1499 587; x_wconf 89' lang='lat' dir='ltr'>neque</span> 
     </span>
     <span class='ocr_line' id='line_1_8' title="bbox 162 601 1499 655; baseline -0.001 -13"><span class='ocrx_word' id='word_1_51' title='bbox 162 602 339 655; x_wconf 90' lang='lat' dir='ltr'>personis</span> <span class='ocrx_word' id='word_1_52' title='bbox 366 616 496 654; x_wconf 90' lang='lat' dir='ltr'>neque</span> <span class='ocrx_word' id='word_1_53' title='bbox 515 602 759 653; x_wconf 86' lang='lat' dir='ltr'>temporibus</span> <span class='ocrx_word' id='word_1_54' title='bbox 779 610 960 641; x_wconf 90' lang='lat' dir='ltr'>notatum</span> <span class='ocrx_word' id='word_1_55' title='bbox 981 601 1227 652; x_wconf 92' lang='lat' dir='ltr'>propositum</span> <span class='ocrx_word' id='word_1_56' title='bbox 1247 615 1359 640; x_wconf 90' lang='lat' dir='ltr'>voco.</span> <span class='ocrx_word' id='word_1_57' title='bbox 1420 603 1499 640; x_wconf 86' lang='lat' dir='ltr'>Sed</span> 
     </span>
     <span class='ocr_line' id='line_1_9' title="bbox 163 665 1500 721; baseline -0.001 -14"><span class='ocrx_word' id='word_1_58' title='bbox 163 666 255 721; x_wconf 89' lang='lat' dir='ltr'>[est]</span> <span class='ocrx_word' id='word_1_59' title='bbox 288 667 535 720; x_wconf 91' lang='lat' dir='ltr'>propositum</span> <span class='ocrx_word' id='word_1_60' title='bbox 566 666 678 718; x_wconf 86' lang='lat' dir='ltr'>quasi</span> <span class='ocrx_word' id='word_1_61' title='bbox 708 680 796 717; x_wconf 90' lang='lat' dir='ltr'>pars</span> <span class='ocrx_word' id='word_1_62' title='bbox 827 680 969 706; x_wconf 86' lang='lat' dir='ltr'>causae</span> <span class='ocrx_word' id='word_1_63' title='bbox 1004 665 1351 720; x_wconf 87' lang='lat' dir='ltr'>[controversiae];</span> <span class='ocrx_word' id='word_1_64' title='bbox 1397 666 1500 705; x_wconf 88' lang='lat' dir='ltr'>inest</span> 
     </span>
     <span class='ocr_line' id='line_1_10' title="bbox 161 731 1500 773; baseline -0.001 -1"><span class='ocrx_word' id='word_1_65' title='bbox 161 733 268 772; x_wconf 89' lang='lat' dir='ltr'>enim</span> <span class='ocrx_word' id='word_1_66' title='bbox 305 732 503 773; x_wconf 87' lang='lat' dir='ltr'>infinitum</span> <span class='ocrx_word' id='word_1_67' title='bbox 541 731 582 771; x_wconf 90' lang='lat' dir='ltr'>in</span> <span class='ocrx_word' id='word_1_68' title='bbox 619 732 784 771; x_wconf 87' lang='lat' dir='ltr'>definito</span> <span class='ocrx_word' id='word_1_69' title='bbox 822 740 861 771; x_wconf 92' lang='lat' dir='ltr'>et</span> <span class='ocrx_word' id='word_1_70' title='bbox 897 734 949 772; x_wconf 87' lang='lat' dir='ltr'>ad</span> <span class='ocrx_word' id='word_1_71' title='bbox 979 732 1076 771; x_wconf 89' lang='lat' dir='ltr'>illud</span> <span class='ocrx_word' id='word_1_72' title='bbox 1110 739 1243 771; x_wconf 88' lang='lat' dir='ltr'>tamen</span> <span class='ocrx_word' id='word_1_73' title='bbox 1280 733 1500 771; x_wconf 89' lang='lat' dir='ltr'>referuntur</span> 
     </span>
     <span class='ocr_line' id='line_1_11' title="bbox 161 796 1605 849; baseline -0.002 -12"><span class='ocrx_word' id='word_1_74' title='bbox 161 798 306 838; x_wconf 88' lang='lat' dir='ltr'>omnia.</span> <span class='ocrx_word' id='word_1_75' title='bbox 365 799 498 848; x_wconf 89' lang='lat' dir='ltr'>Quam</span> <span class='ocrx_word' id='word_1_76' title='bbox 524 797 577 836; x_wconf 94' lang='lat' dir='ltr'>ob</span> <span class='ocrx_word' id='word_1_77' title='bbox 601 811 682 836; x_wconf 90' lang='lat' dir='ltr'>rem</span> <span class='ocrx_word' id='word_1_78' title='bbox 709 797 815 847; x_wconf 89' lang='lat' dir='ltr'>prius</span> <span class='ocrx_word' id='word_1_79' title='bbox 839 799 890 837; x_wconf 92' lang='lat' dir='ltr'>de</span> <span class='ocrx_word' id='word_1_80' title='bbox 918 797 1122 849; x_wconf 88' lang='lat' dir='ltr'>proposito</span> <span class='ocrx_word' id='word_1_81' title='bbox 1150 797 1357 836; x_wconf 85' lang='lat' dir='ltr'>dieamus:</span> <span class='ocrx_word' id='word_1_82' title='bbox 1386 796 1498 836; x_wconf 86' lang='lat' dir='ltr'>euius</span> <span class='ocrx_word' id='word_1_83' title='bbox 1516 801 1556 834; x_wconf 88' lang='lat'>62</span> <span class='ocrx_word' id='word_1_84' title='bbox 1603 800 1605 802; x_wconf 76' lang='grc'>’</span> 
     </span>
     <span class='ocr_line' id='line_1_12' title="bbox 105 861 1498 914; baseline -0.002 -11"><span class='ocrx_word' id='word_1_85' title='bbox 105 884 146 908; x_wconf 79' lang='lat'>10</span> <span class='ocrx_word' id='word_1_86' title='bbox 162 877 306 914; x_wconf 90' lang='lat' dir='ltr'>genera</span> <span class='ocrx_word' id='word_1_87' title='bbox 326 871 417 902; x_wconf 85' lang='lat' dir='ltr'>sunt</span> <span class='ocrx_word' id='word_1_88' title='bbox 440 864 533 911; x_wconf 89' lang='lat' dir='ltr'>duo,</span> <span class='ocrx_word' id='word_1_89' title='bbox 554 861 790 913; x_wconf 90' lang='lat' dir='ltr'>cognitionis</span> <span class='ocrx_word' id='word_1_90' title='bbox 813 865 978 902; x_wconf 88' lang='lat' dir='ltr'>alterum</span> <span class='ocrx_word' id='word_1_91' title='bbox 994 878 1004 911; x_wconf 86' lang='lat'>;</span> <span class='ocrx_word' id='word_1_92' title='bbox 1032 862 1116 902; x_wconf 89' lang='lat' dir='ltr'>eius</span> <span class='ocrx_word' id='word_1_93' title='bbox 1136 862 1299 902; x_wconf 77' lang='lat' dir='ltr'>scientia</span> <span class='ocrx_word' id='word_1_94' title='bbox 1319 869 1378 901; x_wconf 88' lang='lat' dir='ltr'>est</span> <span class='ocrx_word' id='word_1_95' title='bbox 1397 862 1498 910; x_wconf 89' lang='lat' dir='ltr'>finis,</span> 
     </span>
     <span class='ocr_line' id='line_1_13' title="bbox 163 926 1500 978; baseline 0 -11"><span class='ocrx_word' id='word_1_96' title='bbox 163 936 207 967; x_wconf 91' lang='lat' dir='ltr'>ut</span> <span class='ocrx_word' id='word_1_97' title='bbox 234 927 367 967; x_wconf 86' lang='lat' dir='ltr'>verine</span> <span class='ocrx_word' id='word_1_98' title='bbox 396 927 474 966; x_wconf 89' lang='lat' dir='ltr'>sint</span> <span class='ocrx_word' id='word_1_99' title='bbox 502 940 667 966; x_wconf 87' lang='lat' dir='ltr'>sensus:</span> <span class='ocrx_word' id='word_1_100' title='bbox 696 929 861 966; x_wconf 85' lang='lat' dir='ltr'>alterum</span> <span class='ocrx_word' id='word_1_101' title='bbox 891 926 1086 976; x_wconf 79' lang='lat' dir='ltr'>actionis3</span> <span class='ocrx_word' id='word_1_102' title='bbox 1117 929 1227 978; x_wconf 92' lang='lat' dir='ltr'>quod</span> <span class='ocrx_word' id='word_1_103' title='bbox 1255 929 1418 966; x_wconf 88' lang='lat' dir='ltr'>refertur</span> <span class='ocrx_word' id='word_1_104' title='bbox 1448 929 1500 967; x_wconf 87' lang='lat' dir='ltr'>ad</span> 
     </span>
     <span class='ocr_line' id='line_1_14' title="bbox 161 991 1501 1043; baseline -0.001 -11"><span class='ocrx_word' id='word_1_105' title='bbox 161 992 388 1032; x_wconf 87' lang='lat' dir='ltr'>faciendum</span> <span class='ocrx_word' id='word_1_106' title='bbox 426 992 534 1043; x_wconf 90' lang='lat' dir='ltr'>quid,</span> <span class='ocrx_word' id='word_1_107' title='bbox 574 1000 618 1031; x_wconf 91' lang='lat' dir='ltr'>ut</span> <span class='ocrx_word' id='word_1_108' title='bbox 655 992 686 1031; x_wconf 89' lang='lat' dir='ltr'>si</span> <span class='ocrx_word' id='word_1_109' title='bbox 724 1000 933 1043; x_wconf 84' lang='lat' dir='ltr'>quaeratur</span> <span class='ocrx_word' id='word_1_110' title='bbox 969 992 1113 1043; x_wconf 91' lang='lat' dir='ltr'>quibus</span> <span class='ocrx_word' id='word_1_111' title='bbox 1151 991 1288 1031; x_wconf 89' lang='lat' dir='ltr'>officiis</span> <span class='ocrx_word' id='word_1_112' title='bbox 1329 991 1501 1032; x_wconf 90' lang='lat' dir='ltr'>amicitia</span> 
     </span>
     <span class='ocr_line' id='line_1_15' title="bbox 163 1057 1503 1109; baseline -0.001 -12"><span class='ocrx_word' id='word_1_113' title='bbox 163 1059 333 1098; x_wconf 88' lang='lat' dir='ltr'>colenda</span> <span class='ocrx_word' id='word_1_114' title='bbox 361 1058 420 1097; x_wconf 90' lang='lat' dir='ltr'>sit.</span> <span class='ocrx_word' id='word_1_115' title='bbox 480 1059 632 1097; x_wconf 91' lang='lat' dir='ltr'>Rursus</span> <span class='ocrx_word' id='word_1_116' title='bbox 660 1057 870 1108; x_wconf 90' lang='lat' dir='ltr'>superioris</span> <span class='ocrx_word' id='word_1_117' title='bbox 899 1071 1042 1109; x_wconf 86' lang='lat' dir='ltr'>genera</span> <span class='ocrx_word' id='word_1_118' title='bbox 1071 1065 1163 1096; x_wconf 89' lang='lat' dir='ltr'>sunt</span> <span class='ocrx_word' id='word_1_119' title='bbox 1182 1057 1277 1097; x_wconf 88' lang='lat' dir='ltr'>tria:</span> <span class='ocrx_word' id='word_1_120' title='bbox 1307 1057 1356 1097; x_wconf 91' lang='lat' dir='ltr'>sit</span> <span class='ocrx_word' id='word_1_121' title='bbox 1375 1071 1503 1097; x_wconf 86' lang='lat' dir='ltr'>necne</span> 
     </span>
     <span class='ocr_line' id='line_1_16' title="bbox 163 1122 1505 1174; baseline 0 -12"><span class='ocrx_word' id='word_1_122' title='bbox 163 1124 212 1162; x_wconf 91' lang='lat' dir='ltr'>sit</span> <span class='ocrx_word' id='word_1_123' title='bbox 238 1131 278 1163; x_wconf 91' lang='lat' dir='ltr'>et</span> <span class='ocrx_word' id='word_1_124' title='bbox 303 1123 400 1174; x_wconf 90' lang='lat' dir='ltr'>quid</span> <span class='ocrx_word' id='word_1_125' title='bbox 424 1123 473 1162; x_wconf 91' lang='lat' dir='ltr'>sit</span> <span class='ocrx_word' id='word_1_126' title='bbox 498 1131 537 1162; x_wconf 90' lang='lat' dir='ltr'>et</span> <span class='ocrx_word' id='word_1_127' title='bbox 564 1124 680 1174; x_wconf 87' lang='lat' dir='ltr'>quale</span> <span class='ocrx_word' id='word_1_128' title='bbox 709 1123 768 1162; x_wconf 89' lang='lat' dir='ltr'>sit.</span> <span class='ocrx_word' id='word_1_129' title='bbox 827 1123 884 1162; x_wconf 89' lang='lat' dir='ltr'>Sit</span> <span class='ocrx_word' id='word_1_130' title='bbox 911 1137 1036 1162; x_wconf 91' lang='lat' dir='ltr'>necne</span> <span class='ocrx_word' id='word_1_131' title='bbox 1063 1123 1123 1171; x_wconf 88' lang='lat' dir='ltr'>sit,</span> <span class='ocrx_word' id='word_1_132' title='bbox 1145 1131 1188 1162; x_wconf 89' lang='lat' dir='ltr'>ut</span> <span class='ocrx_word' id='word_1_133' title='bbox 1215 1122 1336 1162; x_wconf 83' lang='lat' dir='ltr'>insin</span> <span class='ocrx_word' id='word_1_134' title='bbox 1365 1131 1505 1167; x_wconf 87' lang='lat' dir='ltr'>natura</span> 
     </span>
     <span class='ocr_line' id='line_1_17' title="bbox 107 1188 1505 1242; baseline -0.001 -14"><span class='ocrx_word' id='word_1_135' title='bbox 107 1211 144 1242; x_wconf 81' lang='lat'>¹5</span> <span class='ocrx_word' id='word_1_136' title='bbox 166 1189 215 1228; x_wconf 91' lang='lat' dir='ltr'>sit</span> <span class='ocrx_word' id='word_1_137' title='bbox 247 1203 299 1228; x_wconf 92' lang='lat' dir='ltr'>an</span> <span class='ocrx_word' id='word_1_138' title='bbox 333 1189 373 1227; x_wconf 91' lang='lat' dir='ltr'>in</span> <span class='ocrx_word' id='word_1_139' title='bbox 413 1203 547 1237; x_wconf 83' lang='lat' dir='ltr'>more3</span> <span class='ocrx_word' id='word_1_140' title='bbox 590 1189 686 1239; x_wconf 90' lang='lat' dir='ltr'>quid</span> <span class='ocrx_word' id='word_1_141' title='bbox 719 1197 853 1228; x_wconf 91' lang='lat' dir='ltr'>autem</span> <span class='ocrx_word' id='word_1_142' title='bbox 887 1189 946 1237; x_wconf 92' lang='lat' dir='ltr'>sit,</span> <span class='ocrx_word' id='word_1_143' title='bbox 981 1189 1060 1228; x_wconf 91' lang='lat' dir='ltr'>sic:</span> <span class='ocrx_word' id='word_1_144' title='bbox 1101 1189 1203 1228; x_wconf 88' lang='lat' dir='ltr'>sitne</span> <span class='ocrx_word' id='word_1_145' title='bbox 1232 1188 1292 1228; x_wconf 90' lang='lat' dir='ltr'>ius</span> <span class='ocrx_word' id='word_1_146' title='bbox 1326 1189 1367 1228; x_wconf 89' lang='lat' dir='ltr'>id</span> <span class='ocrx_word' id='word_1_147' title='bbox 1396 1191 1505 1239; x_wconf 92' lang='lat' dir='ltr'>quod</span> 
     </span>
     <span class='ocr_line' id='line_1_18' title="bbox 167 1253 1506 1305; baseline -0.001 -12"><span class='ocrx_word' id='word_1_148' title='bbox 167 1254 303 1293; x_wconf 89' lang='lat' dir='ltr'>maiori</span> <span class='ocrx_word' id='word_1_149' title='bbox 337 1254 437 1305; x_wconf 89' lang='lat' dir='ltr'>parti</span> <span class='ocrx_word' id='word_1_150' title='bbox 468 1254 517 1293; x_wconf 90' lang='lat' dir='ltr'>sit</span> <span class='ocrx_word' id='word_1_151' title='bbox 551 1253 646 1293; x_wconf 85' lang='lat' dir='ltr'>utile</span> <span class='ocrx_word' id='word_1_152' title='bbox 663 1269 673 1302; x_wconf 84' lang='lat'>3</span> <span class='ocrx_word' id='word_1_153' title='bbox 716 1256 833 1304; x_wconf 92' lang='lat' dir='ltr'>quale</span> <span class='ocrx_word' id='word_1_154' title='bbox 863 1262 996 1293; x_wconf 88' lang='lat' dir='ltr'>autern</span> <span class='ocrx_word' id='word_1_155' title='bbox 1028 1254 1090 1303; x_wconf 88' lang='lat' dir='ltr'>sit,</span> <span class='ocrx_word' id='word_1_156' title='bbox 1119 1254 1202 1294; x_wconf 87' lang='lat' dir='ltr'>sic:</span> <span class='ocrx_word' id='word_1_157' title='bbox 1242 1254 1343 1293; x_wconf 90' lang='lat' dir='ltr'>iuste</span> <span class='ocrx_word' id='word_1_158' title='bbox 1376 1254 1506 1293; x_wconf 88' lang='lat' dir='ltr'>vivere</span> 
     </span>
     <span class='ocr_line' id='line_1_19' title="bbox 165 1318 1561 1371; baseline -0.001 -13"><span class='ocrx_word' id='word_1_159' title='bbox 165 1319 267 1359; x_wconf 87' lang='lat' dir='ltr'>sitne</span> <span class='ocrx_word' id='word_1_160' title='bbox 306 1319 412 1358; x_wconf 90' lang='lat' dir='ltr'>utile.</span> <span class='ocrx_word' id='word_1_161' title='bbox 470 1318 651 1358; x_wconf 90' lang='lat' dir='ltr'>Actionis</span> <span class='ocrx_word' id='word_1_162' title='bbox 688 1326 821 1358; x_wconf 88' lang='lat' dir='ltr'>autem</span> <span class='ocrx_word' id='word_1_163' title='bbox 856 1321 938 1358; x_wconf 92' lang='lat' dir='ltr'>duo</span> <span class='ocrx_word' id='word_1_164' title='bbox 969 1327 1061 1358; x_wconf 88' lang='lat' dir='ltr'>sunt</span> <span class='ocrx_word' id='word_1_165' title='bbox 1093 1333 1259 1371; x_wconf 87' lang='lat' dir='ltr'>genera:</span> <span class='ocrx_word' id='word_1_166' title='bbox 1300 1333 1425 1358; x_wconf 91' lang='lat' dir='ltr'>unum</span> <span class='ocrx_word' id='word_1_167' title='bbox 1455 1321 1506 1358; x_wconf 92' lang='lat' dir='ltr'>ad</span> <span class='ocrx_word' id='word_1_168' title='bbox 1520 1324 1561 1364; x_wconf 83' lang='lat'>63</span> 
     </span>
     <span class='ocr_line' id='line_1_20' title="bbox 165 1383 1507 1436; baseline -0.001 -12"><span class='ocrx_word' id='word_1_169' title='bbox 165 1385 484 1436; x_wconf 92' lang='lat' dir='ltr'>persequendum</span> <span class='ocrx_word' id='word_1_170' title='bbox 524 1383 674 1434; x_wconf 89' lang='lat' dir='ltr'>aliquid</span> <span class='ocrx_word' id='word_1_171' title='bbox 707 1391 775 1422; x_wconf 87' lang='lat' dir='ltr'>aut</span> <span class='ocrx_word' id='word_1_172' title='bbox 808 1384 1102 1432; x_wconf 89' lang='lat' dir='ltr'>declinandum,</span> <span class='ocrx_word' id='word_1_173' title='bbox 1135 1392 1177 1423; x_wconf 90' lang='lat' dir='ltr'>ut</span> <span class='ocrx_word' id='word_1_174' title='bbox 1215 1384 1359 1435; x_wconf 91' lang='lat' dir='ltr'>quibus</span> <span class='ocrx_word' id='word_1_175' title='bbox 1390 1384 1507 1422; x_wconf 88' lang='lat' dir='ltr'>rebus</span> 
     </span>
     <span class='ocr_line' id='line_1_21' title="bbox 164 1448 1505 1500; baseline -0.001 -11"><span class='ocrx_word' id='word_1_176' title='bbox 164 1449 330 1500; x_wconf 88' lang='lat' dir='ltr'>adipisci</span> <span class='ocrx_word' id='word_1_177' title='bbox 373 1449 535 1500; x_wconf 88' lang='lat' dir='ltr'>gloriam</span> <span class='ocrx_word' id='word_1_178' title='bbox 574 1448 701 1499; x_wconf 90' lang='lat' dir='ltr'>possis</span> <span class='ocrx_word' id='word_1_179' title='bbox 744 1457 812 1488; x_wconf 88' lang='lat' dir='ltr'>aut</span> <span class='ocrx_word' id='word_1_180' title='bbox 856 1462 936 1499; x_wconf 93' lang='lat' dir='ltr'>quo</span> <span class='ocrx_word' id='word_1_181' title='bbox 981 1450 1103 1488; x_wconf 93' lang='lat' dir='ltr'>modo</span> <span class='ocrx_word' id='word_1_182' title='bbox 1148 1449 1295 1488; x_wconf 89' lang='lat' dir='ltr'>invidia</span> <span class='ocrx_word' id='word_1_183' title='bbox 1338 1449 1481 1488; x_wconf 88' lang='lat' dir='ltr'>vitetur</span> <span class='ocrx_word' id='word_1_184' title='bbox 1496 1463 1505 1495; x_wconf 80' lang='lat'><em>3</em></span> 
     </span>
     <span class='ocr_line' id='line_1_22' title="bbox 109 1514 1502 1565; baseline -0.001 -11"><span class='ocrx_word' id='word_1_185' title='bbox 109 1535 149 1558; x_wconf 83' lang='lat'>20</span> <span class='ocrx_word' id='word_1_186' title='bbox 167 1517 345 1563; x_wconf 84' lang='lat' dir='ltr'>alterum,</span> <span class='ocrx_word' id='word_1_187' title='bbox 361 1516 470 1565; x_wconf 91' lang='lat' dir='ltr'>quod</span> <span class='ocrx_word' id='word_1_188' title='bbox 489 1516 541 1554; x_wconf 91' lang='lat' dir='ltr'>ad</span> <span class='ocrx_word' id='word_1_189' title='bbox 561 1514 734 1565; x_wconf 88' lang='lat' dir='ltr'>aliquam</span> <span class='ocrx_word' id='word_1_190' title='bbox 749 1514 1076 1553; x_wconf 87' lang='lat' dir='ltr'>commoditatem</span> <span class='ocrx_word' id='word_1_191' title='bbox 1094 1528 1290 1565; x_wconf 88' lang='lat' dir='ltr'>usumque</span> <span class='ocrx_word' id='word_1_192' title='bbox 1305 1515 1502 1560; x_wconf 88' lang='lat' dir='ltr'>referatur,</span> 
     </span>
     <span class='ocr_line' id='line_1_23' title="bbox 167 1579 1503 1631; baseline -0.002 -11"><span class='ocrx_word' id='word_1_193' title='bbox 167 1588 210 1620; x_wconf 89' lang='lat' dir='ltr'>ut</span> <span class='ocrx_word' id='word_1_194' title='bbox 230 1594 347 1631; x_wconf 91' lang='lat' dir='ltr'>quem</span> <span class='ocrx_word' id='word_1_195' title='bbox 369 1581 421 1619; x_wconf 89' lang='lat' dir='ltr'>ad</span> <span class='ocrx_word' id='word_1_196' title='bbox 441 1581 605 1619; x_wconf 91' lang='lat' dir='ltr'>modum</span> <span class='ocrx_word' id='word_1_197' title='bbox 634 1579 682 1618; x_wconf 90' lang='lat' dir='ltr'>sit</span> <span class='ocrx_word' id='word_1_198' title='bbox 708 1593 768 1619; x_wconf 89' lang='lat' dir='ltr'>res</span> <span class='ocrx_word' id='word_1_199' title='bbox 788 1579 948 1630; x_wconf 90' lang='lat' dir='ltr'>publica</span> <span class='ocrx_word' id='word_1_200' title='bbox 966 1579 1279 1618; x_wconf 88' lang='lat' dir='ltr'>administranda</span> <span class='ocrx_word' id='word_1_201' title='bbox 1298 1587 1366 1618; x_wconf 89' lang='lat' dir='ltr'>aut</span> <span class='ocrx_word' id='word_1_202' title='bbox 1385 1592 1503 1630; x_wconf 85' lang='lat' dir='ltr'>quern</span> 
     </span>
     <span class='ocr_line' id='line_1_24' title="bbox 167 1644 1565 1695; baseline -0.001 -11"><span class='ocrx_word' id='word_1_203' title='bbox 167 1646 219 1684; x_wconf 92' lang='lat' dir='ltr'>ad</span> <span class='ocrx_word' id='word_1_204' title='bbox 258 1646 422 1684; x_wconf 90' lang='lat' dir='ltr'>modum</span> <span class='ocrx_word' id='word_1_205' title='bbox 467 1644 508 1683; x_wconf 91' lang='lat' dir='ltr'>in</span> <span class='ocrx_word' id='word_1_206' title='bbox 545 1652 775 1695; x_wconf 86' lang='lat' dir='ltr'>paupertate</span> <span class='ocrx_word' id='word_1_207' title='bbox 811 1644 1040 1683; x_wconf 90' lang='lat' dir='ltr'>vivendum.</span> <span class='ocrx_word' id='word_1_208' title='bbox 1098 1646 1249 1683; x_wconf 86' lang='lat' dir='ltr'>Rursus</span> <span class='ocrx_word' id='word_1_209' title='bbox 1286 1651 1420 1683; x_wconf 89' lang='lat' dir='ltr'>autem</span> <span class='ocrx_word' id='word_1_210' title='bbox 1458 1657 1505 1683; x_wconf 88' lang='lat' dir='ltr'>ex</span> <span class='ocrx_word' id='word_1_211' title='bbox 1522 1652 1565 1693; x_wconf 87' lang='lat'>64</span> 
     </span>
     <span class='ocr_line' id='line_1_25' title="bbox 167 1708 1506 1762; baseline -0.001 -13"><span class='ocrx_word' id='word_1_212' title='bbox 167 1709 404 1762; x_wconf 88' lang='lat' dir='ltr'>cognitionis</span> <span class='ocrx_word' id='word_1_213' title='bbox 432 1709 733 1757; x_wconf 91' lang='lat' dir='ltr'>consultatione,</span> <span class='ocrx_word' id='word_1_214' title='bbox 755 1709 824 1748; x_wconf 91' lang='lat' dir='ltr'>ubi</span> <span class='ocrx_word' id='word_1_215' title='bbox 853 1709 902 1748; x_wconf 90' lang='lat' dir='ltr'>sit</span> <span class='ocrx_word' id='word_1_216' title='bbox 930 1723 1057 1748; x_wconf 90' lang='lat' dir='ltr'>necne</span> <span class='ocrx_word' id='word_1_217' title='bbox 1086 1708 1134 1748; x_wconf 91' lang='lat' dir='ltr'>sit</span> <span class='ocrx_word' id='word_1_218' title='bbox 1162 1717 1230 1748; x_wconf 89' lang='lat' dir='ltr'>aut</span> <span class='ocrx_word' id='word_1_219' title='bbox 1258 1709 1373 1748; x_wconf 88' lang='lat' dir='ltr'>fuerit</span> <span class='ocrx_word' id='word_1_220' title='bbox 1405 1710 1506 1748; x_wconf 88' lang='lat' dir='ltr'>futu-</span> 
     </span>
     <span class='ocr_line' id='line_1_26' title="bbox 167 1773 1505 1826; baseline -0.001 -12"><span class='ocrx_word' id='word_1_221' title='bbox 167 1789 304 1815; x_wconf 88' lang='lat' dir='ltr'>rumve</span> <span class='ocrx_word' id='word_1_222' title='bbox 331 1775 381 1814; x_wconf 90' lang='lat' dir='ltr'>sit</span> <span class='ocrx_word' id='word_1_223' title='bbox 409 1775 617 1826; x_wconf 87' lang='lat' dir='ltr'>quaeritur,</span> <span class='ocrx_word' id='word_1_224' title='bbox 646 1788 769 1813; x_wconf 90' lang='lat' dir='ltr'>unum</span> <span class='ocrx_word' id='word_1_225' title='bbox 799 1788 922 1826; x_wconf 86' lang='lat' dir='ltr'>genus</span> <span class='ocrx_word' id='word_1_226' title='bbox 953 1782 1012 1813; x_wconf 88' lang='lat' dir='ltr'>est</span> <span class='ocrx_word' id='word_1_227' title='bbox 1045 1774 1298 1825; x_wconf 89' lang='lat' dir='ltr'>quaestionis,</span> <span class='ocrx_word' id='word_1_228' title='bbox 1329 1773 1505 1826; x_wconf 89' lang='lat' dir='ltr'>possitne</span> 
     </span>
     <span class='ocr_line' id='line_1_27' title="bbox 110 1839 1504 1893; baseline -0.001 -14"><span class='ocrx_word' id='word_1_229' title='bbox 110 1862 148 1893; x_wconf 87' lang='lat'>²5</span> <span class='ocrx_word' id='word_1_230' title='bbox 166 1840 317 1891; x_wconf 89' lang='lat' dir='ltr'>aliquid</span> <span class='ocrx_word' id='word_1_231' title='bbox 344 1840 455 1888; x_wconf 87' lang='lat' dir='ltr'>effici,</span> <span class='ocrx_word' id='word_1_232' title='bbox 479 1847 521 1879; x_wconf 91' lang='lat' dir='ltr'>ut</span> <span class='ocrx_word' id='word_1_233' title='bbox 550 1854 640 1879; x_wconf 91' lang='lat' dir='ltr'>cum</span> <span class='ocrx_word' id='word_1_234' title='bbox 670 1839 869 1891; x_wconf 86' lang='lat' dir='ltr'>quaeritur</span> <span class='ocrx_word' id='word_1_235' title='bbox 894 1840 1124 1890; x_wconf 88' lang='lat' dir='ltr'>ecquisnam</span> <span class='ocrx_word' id='word_1_236' title='bbox 1148 1841 1320 1891; x_wconf 90' lang='lat' dir='ltr'>perfecte</span> <span class='ocrx_word' id='word_1_237' title='bbox 1348 1839 1504 1891; x_wconf 88' lang='lat' dir='ltr'>sapiens</span> 
     </span>
     <span class='ocr_line' id='line_1_28' title="bbox 167 1904 1505 1957; baseline -0.001 -12"><span class='ocrx_word' id='word_1_238' title='bbox 167 1919 254 1945; x_wconf 89' lang='lat' dir='ltr'>esse</span> <span class='ocrx_word' id='word_1_239' title='bbox 283 1905 432 1957; x_wconf 86' lang='lat' dir='ltr'>possit;</span> <span class='ocrx_word' id='word_1_240' title='bbox 476 1907 657 1954; x_wconf 85' lang='lat' dir='ltr'>alterum,</span> <span class='ocrx_word' id='word_1_241' title='bbox 687 1919 806 1956; x_wconf 89' lang='lat' dir='ltr'>quern</span> <span class='ocrx_word' id='word_1_242' title='bbox 843 1906 895 1944; x_wconf 87' lang='lat' dir='ltr'>ad</span> <span class='ocrx_word' id='word_1_243' title='bbox 934 1906 1099 1944; x_wconf 91' lang='lat' dir='ltr'>modum</span> <span class='ocrx_word' id='word_1_244' title='bbox 1137 1904 1314 1956; x_wconf 89' lang='lat' dir='ltr'>quidque</span> <span class='ocrx_word' id='word_1_245' title='bbox 1351 1906 1430 1953; x_wconf 86' lang='lat' dir='ltr'>fiat,</span> <span class='ocrx_word' id='word_1_246' title='bbox 1462 1913 1505 1944; x_wconf 89' lang='lat' dir='ltr'>ut</span> 
     </span>
     <span class='ocr_line' id='line_1_29' title="bbox 169 1970 1506 2022; baseline -0.001 -12"><span class='ocrx_word' id='word_1_247' title='bbox 169 1985 342 2022; x_wconf 91' lang='lat' dir='ltr'>quonam</span> <span class='ocrx_word' id='word_1_248' title='bbox 364 1979 481 2022; x_wconf 91' lang='lat' dir='ltr'>pacto</span> <span class='ocrx_word' id='word_1_249' title='bbox 506 1971 626 2010; x_wconf 90' lang='lat' dir='ltr'>virtus</span> <span class='ocrx_word' id='word_1_250' title='bbox 656 1970 837 2021; x_wconf 88' lang='lat' dir='ltr'>pariatur,</span> <span class='ocrx_word' id='word_1_251' title='bbox 858 1978 1049 2009; x_wconf 89' lang='lat' dir='ltr'>naturane</span> <span class='ocrx_word' id='word_1_252' title='bbox 1073 1983 1124 2009; x_wconf 88' lang='lat' dir='ltr'>an</span> <span class='ocrx_word' id='word_1_253' title='bbox 1152 1970 1303 2010; x_wconf 88' lang='lat' dir='ltr'>ratione</span> <span class='ocrx_word' id='word_1_254' title='bbox 1328 1984 1380 2009; x_wconf 93' lang='lat' dir='ltr'>an</span> <span class='ocrx_word' id='word_1_255' title='bbox 1402 1972 1506 2009; x_wconf 90' lang='lat' dir='ltr'>usu?</span> 
     </span>
     <span class='ocr_line' id='line_1_30' title="bbox 169 2035 1507 2088; baseline -0.001 -12"><span class='ocrx_word' id='word_1_256' title='bbox 169 2036 294 2076; x_wconf 86' lang='lat' dir='ltr'>Cuius</span> <span class='ocrx_word' id='word_1_257' title='bbox 318 2036 470 2088; x_wconf 86' lang='lat' dir='ltr'>generis</span> <span class='ocrx_word' id='word_1_258' title='bbox 499 2050 639 2075; x_wconf 90' lang='lat' dir='ltr'>omnes</span> <span class='ocrx_word' id='word_1_259' title='bbox 664 2044 756 2075; x_wconf 90' lang='lat' dir='ltr'>sunt</span> <span class='ocrx_word' id='word_1_260' title='bbox 775 2035 815 2074; x_wconf 89' lang='lat' dir='ltr'>in</span> <span class='ocrx_word' id='word_1_261' title='bbox 842 2035 998 2087; x_wconf 91' lang='lat' dir='ltr'>quibus,</span> <span class='ocrx_word' id='word_1_262' title='bbox 1019 2042 1063 2074; x_wconf 94' lang='lat' dir='ltr'>ut</span> <span class='ocrx_word' id='word_1_263' title='bbox 1088 2035 1129 2074; x_wconf 87' lang='lat' dir='ltr'>in</span> <span class='ocrx_word' id='word_1_264' title='bbox 1152 2036 1330 2075; x_wconf 87' lang='lat' dir='ltr'>obscuris</span> <span class='ocrx_word' id='word_1_265' title='bbox 1354 2043 1507 2075; x_wconf 89' lang='lat' dir='ltr'>natura-</span> 
     </span>
     <span class='ocr_line' id='line_1_31' title="bbox 169 2100 1507 2153; baseline -0.001 -12"><span class='ocrx_word' id='word_1_266' title='bbox 169 2102 352 2153; x_wconf 88' lang='lat' dir='ltr'>libusque</span> <span class='ocrx_word' id='word_1_267' title='bbox 389 2101 698 2153; x_wconf 89' lang='lat' dir='ltr'>quaestionibus,</span> <span class='ocrx_word' id='word_1_268' title='bbox 738 2115 880 2140; x_wconf 87' lang='lat' dir='ltr'>causae</span> <span class='ocrx_word' id='word_1_269' title='bbox 919 2100 1170 2152; x_wconf 87' lang='lat' dir='ltr'>rationesque</span> <span class='ocrx_word' id='word_1_270' title='bbox 1215 2115 1344 2141; x_wconf 90' lang='lat' dir='ltr'>rerum</span> <span class='ocrx_word' id='word_1_271' title='bbox 1389 2102 1507 2153; x_wconf 88' lang='lat' dir='ltr'>expli-</span> 
     </span>
     <span class='ocr_line' id='line_1_32' title="bbox 112 2151 1572 2218; baseline -0.001 -11"><span class='ocrx_word' id='word_1_272' title='bbox 112 2186 154 2217; x_wconf 83' lang='lat'>30</span> <span class='ocrx_word' id='word_1_273' title='bbox 171 2174 319 2207; x_wconf 89' lang='lat' dir='ltr'>cantur.</span> <span class='ocrx_word' id='word_1_274' title='bbox 379 2167 490 2206; x_wconf 88' lang='lat' dir='ltr'>Illius</span> <span class='ocrx_word' id='word_1_275' title='bbox 522 2175 655 2206; x_wconf 86' lang='lat' dir='ltr'>autem</span> <span class='ocrx_word' id='word_1_276' title='bbox 688 2165 853 2216; x_wconf 83' lang='lat' dir='ltr'>generis,</span> <span class='ocrx_word' id='word_1_277' title='bbox 883 2165 924 2205; x_wconf 91' lang='lat' dir='ltr'>in</span> <span class='ocrx_word' id='word_1_278' title='bbox 958 2179 1039 2217; x_wconf 88' lang='lat' dir='ltr'>quo</span> <span class='ocrx_word' id='word_1_279' title='bbox 1068 2166 1165 2217; x_wconf 91' lang='lat' dir='ltr'>quid</span> <span class='ocrx_word' id='word_1_280' title='bbox 1193 2166 1242 2206; x_wconf 87' lang='lat' dir='ltr'>sit</span> <span class='ocrx_word' id='word_1_281' title='bbox 1273 2166 1314 2206; x_wconf 92' lang='lat' dir='ltr'>id</span> <span class='ocrx_word' id='word_1_282' title='bbox 1344 2168 1396 2206; x_wconf 89' lang='lat' dir='ltr'>de</span> <span class='ocrx_word' id='word_1_283' title='bbox 1425 2181 1506 2218; x_wconf 91' lang='lat' dir='ltr'>quo</span> <span class='ocrx_word' id='word_1_284' title='bbox 1523 2151 1572 2189; x_wconf 79' lang='lat'>¹9</span> 
     </span>
    </p>
   </div>
   <div class='ocr_carea' id='block_1_5' title="bbox 171 2201 1566 2399">
    <p class='ocr_par' dir='ltr' id='par_1_5' title="bbox 171 2201 1566 2399">
     <span class='ocr_line' id='line_1_33' title="bbox 1524 2201 1566 2243; baseline 0 0"><span class='ocrx_word' id='word_1_285' title='bbox 1524 2201 1566 2243; x_wconf 82' lang='lat'>65</span> 
     </span>
     <span class='ocr_line' id='line_1_34' title="bbox 217 2269 1506 2311; baseline 0.001 -9"><span class='ocrx_word' id='word_1_286' title='bbox 217 2281 234 2310; x_wconf 91' lang='lat'><strong>7</strong></span> <span class='ocrx_word' id='word_1_287' title='bbox 259 2275 311 2302; x_wconf 87' lang='lat' dir='ltr'>est</span> <span class='ocrx_word' id='word_1_288' title='bbox 327 2281 393 2302; x_wconf 89' lang='lat' dir='ltr'>om.</span> <span class='ocrx_word' id='word_1_289' title='bbox 410 2269 445 2301; x_wconf 83' lang='lat' dir='ltr'><em>P</em></span> <span class='ocrx_word' id='word_1_290' title='bbox 528 2269 741 2311; x_wconf 89' lang='lat' dir='ltr'>propositum</span> <span class='ocrx_word' id='word_1_291' title='bbox 758 2270 835 2301; x_wconf 85' lang='lat' dir='ltr'>latis</span> <span class='ocrx_word' id='word_1_292' title='bbox 850 2269 903 2301; x_wconf 85' lang='lat' dir='ltr'>P:</span> <span class='ocrx_word' id='word_1_293' title='bbox 928 2271 1134 2302; x_wconf 83' lang='lat' dir='ltr'>consultatio</span> <span class='ocrx_word' id='word_1_294' title='bbox 1155 2270 1243 2303; x_wconf 87' lang='lat' dir='ltr'>codd.</span> <span class='ocrx_word' id='word_1_295' title='bbox 1262 2283 1269 2303; x_wconf 72' lang='grc' dir='ltr'>ε</span> <span class='ocrx_word' id='word_1_296' title='bbox 1292 2272 1506 2311; x_wconf 87' lang='lat' dir='ltr'>propositum</span> 
     </span>
     <span class='ocr_line' id='line_1_35' title="bbox 171 2313 1508 2355; baseline 0.001 -10"><span class='ocrx_word' id='word_1_297' title='bbox 171 2314 267 2355; x_wconf 81' lang='lat' dir='ltr'>quasi</span> <span class='ocrx_word' id='word_1_298' title='bbox 293 2314 391 2346; x_wconf 87' lang='lat' dir='ltr'>latior</span> <span class='ocrx_word' id='word_1_299' title='bbox 415 2325 494 2354; x_wconf 86' lang='lat' dir='ltr'>pars</span> <span class='ocrx_word' id='word_1_300' title='bbox 521 2324 642 2346; x_wconf 85' lang='lat' dir='ltr'>causae</span> <span class='ocrx_word' id='word_1_301' title='bbox 670 2314 834 2354; x_wconf 88' lang='lat' dir='ltr'>quaedam</span> <span class='ocrx_word' id='word_1_302' title='bbox 863 2313 972 2352; x_wconf 79' lang='lat' dir='ltr'>Orelli,</span> <span class='ocrx_word' id='word_1_303' title='bbox 1001 2314 1060 2345; x_wconf 73' lang='lat' dir='ltr'>alii</span> <span class='ocrx_word' id='word_1_304' title='bbox 1082 2314 1177 2345; x_wconf 83' lang='lat' dir='ltr'>aliter</span> <span class='ocrx_word' id='word_1_305' title='bbox 1371 2321 1508 2347; x_wconf 83' lang='lat' dir='ltr'>contro-</span> 
     </span>
     <span class='ocr_line' id='line_1_36' title="bbox 171 2357 1504 2399; baseline 0.001 -10"><span class='ocrx_word' id='word_1_306' title='bbox 171 2358 302 2389; x_wconf 83' lang='lat' dir='ltr'>versiae</span> <span class='ocrx_word' id='word_1_307' title='bbox 317 2357 358 2396; x_wconf 84' lang='lat' dir='ltr'>P,</span> <span class='ocrx_word' id='word_1_308' title='bbox 375 2358 444 2390; x_wconf 84' lang='lat' dir='ltr'>secl.</span> <span class='ocrx_word' id='word_1_309' title='bbox 462 2357 593 2398; x_wconf 81' lang='lat' dir='ltr'>Kayser</span> <span class='ocrx_word' id='word_1_310' title='bbox 705 2367 748 2388; x_wconf 85' lang='lat'>20</span> <span class='ocrx_word' id='word_1_311' title='bbox 772 2357 939 2389; x_wconf 87' lang='lat' dir='ltr'>reseratur</span> <span class='ocrx_word' id='word_1_312' title='bbox 948 2358 1035 2399; x_wconf 88' lang='lat' dir='ltr'>vulg.</span> <span class='ocrx_word' id='word_1_313' title='bbox 1056 2369 1064 2389; x_wconf 74' lang='grc' dir='ltr'><strong><em>ε</em></strong></span> <span class='ocrx_word' id='word_1_314' title='bbox 1087 2358 1235 2389; x_wconf 76' lang='lat' dir='ltr'>refertur</span> <span class='ocrx_word' id='word_1_315' title='bbox 1249 2357 1338 2390; x_wconf 85' lang='lat' dir='ltr'>codd.</span> <span class='ocrx_word' id='word_1_316' title='bbox 1464 2369 1504 2390; x_wconf 79' lang='lat'>2¹</span> 
     </span>
    </p>
   </div>
   <div class='ocr_carea' id='block_1_6' title="bbox 170 2401 451 2441">
    <p class='ocr_par' dir='ltr' id='par_1_6' title="bbox 170 2401 451 2441">
     <span class='ocr_line' id='line_1_37' title="bbox 170 2401 451 2441; baseline -0.004 -8"><span class='ocrx_word' id='word_1_317' title='bbox 170 2402 341 2441; x_wconf 87' lang='lat' dir='ltr'>quomodo</span> <span class='ocrx_word' id='word_1_318' title='bbox 359 2402 404 2433; x_wconf 88' lang='lat' dir='ltr'>sit</span> <span class='ocrx_word' id='word_1_319' title='bbox 417 2401 451 2432; x_wconf 90' lang='lat' dir='ltr'><em>P</em></span> 
     </span>
    </p>
   </div>
  </div>
 </body>
</html>
