1630 2730
674 166 894 206 BRVTVS
1397 168 1454 218 64
1475 185 1538 219 229

123 279 318 320 aedilibus
349 278 405 319 ait
436 292 479 319 se
511 286 551 319 et
584 278 801 319 Pacuvium
832 278 1016 318 docuisse
1049 279 1235 327 fabulam,
1268 293 1360 319 cum
1388 280 1454 320 ille

123 344 334 396 octoginta,
351 344 436 396 ipse
450 344 602 396 triginta
620 357 747 384 annos
762 352 878 384 natus
893 352 1019 384 esset:
1049 344 1104 384 sic
1120 345 1360 384 Hortensius
1372 359 1454 385 non
1476 359 1538 390 230

124 423 216 449 cum
236 410 316 449 suis
335 409 567 461 aequalibus
594 411 723 450 solum
749 411 821 450 sed
849 418 888 450 et
917 424 1005 450 mea
1029 424 1120 449 cum
1149 417 1278 449 aetate
1297 417 1336 450 et
1362 424 1453 450 curn

125 482 203 524 tua,
243 477 374 523 Brute,
415 482 455 515 et
491 488 583 515 cum
624 475 829 527 aliquanto
873 475 1073 526 superiore
1119 475 1384 527 coniungitur,
1422 476 1455 515 si

87 552 105 584 5
125 540 288 592 quidem
316 548 355 580 et
376 541 520 582 Crasso
547 540 638 580 vivo
666 540 798 580 dicere
827 542 980 581 solebat
1008 549 1048 581 et
1076 540 1200 592 magis
1227 541 1306 580 iam
1334 541 1453 581 etiarn

124 605 281 657 vigebat
300 620 392 645 cum
411 606 591 646 Antonio
610 614 649 646 et
670 606 855 658 Philippo
874 596 953 645 iam
973 620 1068 647 sene
1093 620 1165 658 pro
1190 607 1264 647 Cn.
1287 607 1455 658 Pompei

124 671 241 711 bonis
269 671 428 712 dicente
447 671 488 711 in
508 672 574 711 illa
601 685 730 719 causa,
752 673 988 712 adulescens
1014 685 1106 711 cum
1135 679 1248 720 esset,
1271 672 1455 724 princeps

125 736 198 776 suit
225 745 266 777 et
294 737 335 776 in
366 751 517 788 eorum,
543 751 644 789 quos
673 738 714 777 in
748 737 896 790 Sulpici
929 746 1058 778 aetate
1085 737 1215 789 posui,
1244 751 1455 777 numerum

126 803 240 842 facile
269 811 500 855 pervenerat
532 811 572 843 et
610 817 702 843 suos
739 803 841 843 inter
872 803 1048 854 aequalis
1083 805 1140 843 M.
1175 802 1363 843 Pisonem
1395 804 1452 843 M.

4 874 10 892 ⁷
69 885 109 908 10
127 869 314 909 Crassum
353 870 426 910 Cn.
460 870 675 908 Lentulum
706 870 748 908 P.
781 869 995 909 Lentulum
1025 871 1164 909 Suram
1198 870 1316 919 longe
1350 882 1458 919 prae-

127 933 223 972 stitit
243 941 282 973 et
302 947 366 973 me
385 935 682 974 adulescentem
702 942 841 974 nactus
861 942 954 974 octo
973 933 1088 974 annis
1114 933 1309 973 minorem
1333 947 1456 985 quam

127 1007 208 1038 erat
238 999 322 1050 ipse
353 1001 499 1039 multos
529 1013 656 1038 annos
685 999 726 1038 in
757 999 890 1039 studio
919 999 1098 1039 eiusdem
1127 998 1255 1039 laudis
1285 998 1458 1039 exercuit

126 1072 166 1103 et
195 1071 327 1104 tecum
358 1064 485 1112 simul,
521 1064 622 1104 sicut
654 1078 729 1116 ego
759 1078 830 1116 pro
861 1064 1006 1112 multis,
1035 1064 1091 1103 sic
1122 1064 1188 1104 ille
1218 1077 1290 1115 pro
1323 1063 1457 1115 Appio

128 1130 299 1170 Claudio
327 1129 425 1169 dixit
455 1132 574 1181 paulo
603 1137 696 1169 ante
726 1138 905 1169 mortem.
965 1129 1088 1169 Vides
1116 1129 1232 1181 igitur
1261 1137 1306 1169 ut
1338 1130 1390 1169 ad
1419 1136 1458 1169 te

72 1210 108 1243 15
128 1203 335 1244 oratorem,
369 1197 500 1243 Brute,
536 1195 830 1247 pervenerimus
868 1203 948 1234 tam
981 1195 1113 1234 multis
1146 1194 1248 1234 inter
1278 1202 1457 1234 nostrum

127 1268 321 1312 tuumque
340 1260 496 1300 initium
517 1261 679 1300 dicendi
698 1260 937 1312 interpositis
958 1260 1178 1299 oratoribus
1193 1274 1203 1309 3
1232 1274 1280 1299 ex
1299 1259 1455 1311 quibus,

128 1326 318 1378 quoniam
338 1325 379 1365 in
399 1327 476 1366 hoc
495 1339 678 1366 sermone
703 1334 840 1366 nostro
864 1325 982 1365 statui
1005 1325 1208 1365 neminem
1229 1338 1366 1365 eorum
1390 1324 1459 1375 qui

127 1392 303 1433 viverent
331 1392 548 1440 nominare,
570 1406 621 1433 ne
649 1405 720 1432 vos
749 1391 940 1432 curiosius
970 1391 1162 1431 eliceretis
1191 1405 1239 1430 ex
1267 1404 1332 1430 me
1361 1390 1458 1441 quid

129 1459 181 1497 de
201 1471 362 1509 quoque
390 1457 618 1506 iudicarem,
639 1471 708 1497 eos
737 1457 805 1509 qui
834 1457 913 1496 iam
943 1464 1034 1496 sunt
1063 1456 1208 1497 mortui
1226 1456 1456 1495 nominabo.

70 1538 113 1562 πο
130 1525 237 1563 Tum
258 1525 427 1563 Brutus:
456 1525 551 1563 Non
571 1531 641 1572 est,
662 1523 805 1574 inquit,
824 1522 898 1561 ista
917 1536 1036 1562 causa
1059 1535 1179 1573 quarn
1205 1521 1315 1569 dicis,
1338 1534 1458 1572 quarn

31 1586 38 1594 Γ
130 1590 184 1630 ob
214 1603 297 1630 rem
330 1591 382 1629 de
414 1589 470 1628 eis
508 1588 576 1640 qui
605 1588 743 1628 vivunt
779 1588 879 1627 nihil
911 1587 1006 1627 velis
1037 1587 1179 1628 dicere.
1249 1588 1460 1636 Quaenam

130 1655 256 1707 igitur,
278 1655 452 1706 inquam,
475 1656 566 1695 est?
620 1653 757 1693 Vereri
783 1661 833 1702 te,
858 1653 997 1703 inquit,
1023 1653 1190 1692 arbitror
1215 1666 1266 1692 ne
1292 1666 1362 1704 per
1386 1664 1460 1691 nos

131 1720 196 1760 hic
229 1734 358 1760 sermo
388 1727 478 1758 tuus
512 1726 671 1759 emanet
699 1726 738 1758 et
768 1718 803 1758 ei
833 1718 907 1758 tibi
937 1725 1193 1758 suscenseant
1226 1731 1326 1768 quos
1355 1731 1462 1768 prae-

131 1786 290 1826 terieris.
349 1785 489 1834 Quid?
516 1798 597 1832 vos,
634 1784 808 1835 inquam,
841 1791 970 1823 tacere
1000 1797 1082 1823 non
1113 1783 1320 1835 poteritis?
1376 1785 1462 1822 Nos

75 1871 114 1904 ²5
132 1851 306 1904 quidem,
346 1850 485 1902 inquit,
526 1850 735 1899 facillime;
783 1850 853 1889 sed
891 1857 1026 1889 tamen
1064 1857 1103 1888 te
1140 1848 1306 1888 arbitror
1345 1850 1462 1888 malle

131 1917 262 1970 ipsum
283 1925 411 1956 tacere
431 1929 551 1967 quam
581 1914 888 1955 taciturnitatem
917 1923 1093 1954 nostram
1122 1914 1296 1966 experiri.
1355 1915 1462 1953 Turn
1483 1933 1543 1965 ²3²

132 1997 231 2035 ego:
260 1985 364 2022 Vere
383 1981 465 2029 tibi,
488 1982 666 2032 inquam,
687 1983 817 2029 Brute,
840 1979 981 2020 dicam.
1041 1982 1136 2020 Non
1160 1994 1224 2020 me
1244 1979 1463 2020 existimavi

132 2049 174 2089 in
193 2050 271 2088 hoc
290 2061 474 2087 sermone
493 2060 619 2097 usque
638 2047 689 2085 ad
709 2047 813 2085 hanc
832 2053 1002 2086 aetatem
1023 2059 1109 2085 esse
1129 2052 1338 2085 venturum
1353 2060 1363 2094 ;
1392 2046 1464 2085 sed

132 2114 188 2153 ita
206 2113 320 2152 traxit
339 2113 438 2152 ordo
457 2119 631 2151 aetatum
655 2111 875 2151 orationem
900 2118 943 2150 ut
969 2110 1047 2150 iam
1073 2112 1125 2150 ad
1152 2110 1323 2150 minores
1343 2110 1463 2149 etiam

75 2195 117 2228 30
133 2178 389 2231 pervenerim.
468 2178 683 2228 Interpone
731 2176 857 2227 igitur,
897 2176 1036 2227 inquit,
1077 2176 1110 2215 si
1147 2189 1248 2227 quos
1286 2175 1464 2224 videtur;

1478 1159 1538 1191 231

181 2292 195 2313 1
221 2282 364 2314 edilibus
382 2281 462 2313 OG:
488 2285 523 2312 et
540 2281 660 2312 edibus
675 2279 721 2311 F:
744 2280 863 2311 edibus
893 2279 922 2311 C
1093 2290 1168 2311 cum
1194 2279 1307 2321 vulg:
1339 2289 1408 2319 quo
1434 2278 1464 2310 L

134 2328 157 2358 6
178 2327 315 2366 vigebat
333 2325 360 2356 L
376 2336 383 2355 τ
406 2326 544 2365 vigente
561 2325 703 2356 florebat
718 2323 849 2364 Kayser
991 2333 1067 2355 cum
1083 2323 1236 2355 Antonio
1254 2328 1288 2354 et
1304 2322 1463 2363 Madvig:

134 2370 290 2401 Antonio
306 2375 341 2400 et
365 2379 441 2399 curn
467 2369 516 2400 L:
549 2368 704 2399 Antonio
730 2373 763 2399 et
785 2366 894 2410 [cum]
922 2365 1059 2398 Martha
1207 2377 1224 2407 7
1249 2367 1386 2398 dicente
1414 2366 1465 2398 L:

136 2414 255 2445 dicens
272 2412 396 2444 Schdtz
523 2423 559 2443 11
587 2417 706 2443 nactus
721 2411 890 2443 aemulum
906 2410 1037 2452 Kayser
1161 2421 1199 2443 12
1223 2411 1330 2442 stadio
1347 2409 1467 2441 Rivius

140 2458 179 2489 18
202 2457 373 2488 eliceretis
389 2455 477 2497 vulg.
494 2466 501 2486 ε
527 2456 700 2495 eligeretis
717 2453 746 2485 L

1341 2495 1380 2530 5*
