1696 2730
0 142 18 222 ξ
689 160 908 199 BRVTVS
1415 170 1472 210 95
1493 174 1556 208 325

141 274 371 314 Aeschines.
431 273 480 311 In
500 271 561 311 his
587 278 668 310 erat
693 270 935 310 admirabilis
961 270 1149 310 orationis
1168 283 1315 318 cursus,
1337 278 1476 310 ornata

141 339 423 380 sententiarum
452 336 699 377 concinnitas
728 350 811 376 non
840 343 932 376 erat.
991 338 1108 376 Haec
1134 343 1279 384 autem,
1308 343 1352 375 ut
1380 335 1471 384 dixi,
1492 342 1558 383 326

140 418 284 456 genera
302 402 463 444 dicendi
481 401 633 454 aptiora
652 409 744 441 sunt
762 402 1096 451 adulescentibus,
1113 401 1154 440 in
1175 401 1335 441 senibus
1354 401 1474 453 gravi-

139 477 262 510 tatem
299 482 381 508 non
417 469 578 507 habent.
655 469 798 518 Itaque
836 467 1076 507 Hortensius
1120 474 1288 518 utroque
1331 480 1474 518 genere

103 555 121 587 5
140 537 284 574 florens
321 536 513 573 clamores
551 532 721 572 faciebat
757 534 1003 572 adulescens.
1063 532 1254 572 Habebat
1290 532 1398 571 enim
1435 540 1475 572 et

142 600 387 640 Meneclium
424 598 522 638 illud
559 597 734 638 studium
767 599 990 638 crebrarum
1023 606 1357 649 venustarumque
1391 612 1477 637 sen·

141 663 381 718 tentiamm[,
411 664 453 702 in
483 663 638 714 quibus,
669 670 713 702 ut
742 663 784 702 in
813 663 882 703 illo
909 665 1074 712 Graeco,
1104 663 1161 702 sic
1188 663 1230 702 in
1258 665 1336 703 hoc
1365 670 1475 703 erant

142 732 339 782 quaedam
377 728 500 780 magis
530 735 718 768 venustae
748 730 965 780 dulcesque
1003 729 1221 768 sententiae
1254 743 1373 780 quam
1407 736 1476 768 aut

141 795 385 836 necessariae
403 802 471 834 aut
490 794 689 834 interdum
709 794 824 834 utiles
837 793 865 848 3]
900 802 939 834 et
958 802 1040 834 erat
1059 794 1184 834 oratio
1203 808 1295 834 cum
1315 794 1477 833 incitata

84 878 125 901 10
142 868 182 901 et
201 861 358 900 vibrans
381 867 466 899 tum
492 859 613 899 etiam
637 867 820 899 accurata
841 867 881 900 et
900 860 1032 911 polita.
1093 861 1187 899 Non
1207 860 1477 911 probabantur

142 928 242 966 haec
270 926 606 975 senibus—saepe
635 925 822 965 videbam
855 939 947 965 cum
975 925 1214 965 inridentem
1243 933 1327 964 tum
1357 925 1476 964 etiam

141 992 375 1032 irascentem
405 998 444 1030 et
474 992 790 1030 stomachantem
819 991 1114 1042 Philippum—,
1135 992 1206 1030 sed
1235 990 1478 1030 mirabantur

141 1058 428 1105 adulescentes,
449 1056 663 1096 multitudo
683 1057 925 1096 movebatur.
981 1055 1095 1110 [Erat
1114 1058 1309 1096 excellens
1329 1055 1477 1095 iudicio
1498 1065 1560 1098 327

142 1122 248 1173 vulgi
267 1129 306 1161 et
325 1121 439 1160 facile
464 1121 609 1172 primas
633 1122 795 1161 tenebat
817 1123 1062 1161 adulescens.
1122 1121 1208 1161 Etsi
1227 1121 1334 1161 enim
1353 1134 1477 1172 genus

86 1201 125 1234 ¹5
142 1187 241 1227 illud
264 1186 426 1226 dicendi
447 1186 690 1226 auctoritatis
716 1187 890 1226 habebat
909 1200 1062 1238 parum,
1081 1194 1214 1226 tamen
1234 1194 1371 1238 aptum
1391 1199 1478 1225 esse

143 1252 261 1292 aetati
279 1249 516 1304 videbatur]
575 1253 626 1290 Et
646 1259 764 1300 certe,
783 1253 894 1302 quod
914 1259 953 1291 et
975 1251 1109 1303 ingeni
1128 1253 1326 1302 quaedam
1351 1253 1479 1290 forma

142 1318 325 1358 elucebat
368 1323 408 1356 et
448 1316 674 1356 exercitatio
716 1318 890 1367 perfecta
927 1318 1137 1357 verborum
1174 1316 1332 1357 astricta
1372 1329 1479 1356 com-

142 1382 416 1435 prehensione,
448 1395 645 1421 summam
682 1382 891 1422 hominum
929 1382 1231 1422 admirationem
1269 1381 1475 1422 excitabat.

145 1449 224 1488 Sed
244 1461 335 1487 cum
358 1447 434 1486 iam
453 1448 625 1486 honores
645 1454 684 1486 et
709 1447 776 1486 illa
801 1447 932 1487 senior
956 1447 1167 1487 auctoritas
1193 1447 1346 1499 gravius
1367 1447 1479 1498 quid-

12 1514 35 1564 ,ᾗ
85 1525 128 1549 ²0
145 1515 239 1554 dam
265 1513 487 1564 requireret,
510 1513 740 1552 remanebat
765 1513 873 1553 idem
897 1527 970 1553 nec
997 1514 1166 1553 decebat
1191 1513 1298 1553 idem
1316 1527 1327 1562 ς
1355 1514 1479 1563 quod-

29 1574 35 1576 *
145 1593 223 1630 que
243 1579 562 1619 exercitationem
583 1578 839 1630 studiumque
862 1578 1073 1627 dimiserat,
1095 1580 1206 1630 quod
1225 1578 1266 1617 in
1286 1591 1335 1618 eo
1354 1579 1479 1617 fuerat

144 1644 391 1692 acerrimum,
426 1643 674 1683 concinnitas
702 1643 769 1683 illa
796 1644 1063 1695 crebritasque
1092 1643 1376 1684 sententiarum
1406 1642 1480 1694 pri-

146 1709 248 1748 stina
277 1709 475 1756 manebat,
503 1710 575 1748 sed
603 1722 651 1748 ea
675 1708 818 1748 vestitu
847 1709 916 1748 illo
944 1708 1132 1748 orationis
1161 1723 1241 1760 quo
1270 1716 1480 1748 consuerat

146 1782 284 1814 ornata
302 1787 384 1813 non
404 1781 495 1814 erat.
552 1775 646 1813 Hoc
666 1773 738 1812 tibi
757 1773 833 1822 ille,
853 1776 984 1822 Brute,
998 1773 1130 1813 minus
1149 1775 1313 1814 fortasse
1331 1773 1480 1826 placuit

88 1856 126 1890 ²5
148 1853 268 1892 quam
297 1839 520 1891 placuisset,
551 1839 583 1878 si
612 1839 723 1878 illum
757 1841 987 1890 flagrantem
1025 1839 1158 1880 studio
1196 1847 1235 1879 et
1271 1842 1479 1880 florentem

147 1907 332 1945 facultate
350 1905 487 1944 audire
507 1904 713 1956 potuisses.
1529 1944 1557 1981 6

199 1972 306 2010 Tum
333 1972 501 2010 Brutus:
541 1972 628 2021 Ego
653 1983 757 2018 vero,
786 1969 925 2022 inquit,
954 1977 994 2009 et
1019 1969 1093 2009 ista
1118 1984 1220 2022 quae
1243 1970 1342 2011 dicis
1362 1970 1479 2011 video
1497 1954 1560 2044 ξω

193 2083 211 2113 7
234 2072 270 2104 in
287 2073 411 2113 quibus
422 2071 452 2103 L
466 2084 473 2103 :
499 2072 532 2103 in
549 2082 617 2112 quo
632 2071 759 2113 Stangl
828 2072 863 2103 in
879 2071 1003 2111 quibus
1019 2097 1027 2105 .
1045 2096 1052 2103 .
1067 2096 1075 2104 .
1094 2073 1194 2105 utiles
1211 2074 1281 2107 secl.
1292 2073 1456 2106 Fn'edn'ch
1471 2085 1479 2106 τ

149 2121 186 2148 ut
203 2117 238 2148 in
264 2117 323 2148 ino
349 2141 356 2149 .
374 2141 381 2149 .
399 2141 407 2149 .
433 2117 497 2147 hoc
521 2116 590 2148 secl.
617 2115 792 2147 Eberhard
921 2125 962 2147 10
984 2116 1213 2156 probabantur
1228 2118 1378 2150 Ernesti:
1404 2129 1480 2159 pro-

149 2160 274 2192 bantur
294 2159 325 2191 L
416 2170 452 2190 11
478 2165 548 2191 tum
566 2183 573 2191 .
591 2183 599 2191 .
617 2183 624 2191 .
642 2163 713 2190 tum
730 2159 853 2190 maluit
866 2158 960 2190 Bake
1071 2169 1120 2199 13,
1143 2171 1182 2201 14
1207 2161 1287 2193 Erat
1303 2162 1479 2194 excellens

150 2227 158 2236 .
175 2227 184 2236 .
201 2227 209 2237 .
226 2203 431 2235 adulescens
447 2203 517 2235 secl.
530 2202 673 2235 Schdtz:
691 2207 765 2234 erat
783 2226 790 2234 .
808 2226 815 2234 .
833 2226 841 2234 .
857 2202 1038 2234 videbatur
1052 2204 1121 2236 secl.
1130 2204 1290 2236 Fn'edn'ch
1307 2217 1314 2237 :
1330 2210 1404 2236 erat
1419 2229 1427 2238 .
1445 2229 1453 2238 .
1470 2229 1479 2238 .

150 2247 320 2279 excitabat
346 2247 415 2279 secl.
442 2246 616 2278 Eberhard
798 2256 836 2286 17
861 2246 1015 2278 elucebat
1047 2245 1257 2280 Lambinus:
1290 2248 1426 2280 lucebat
1449 2249 1479 2280 L

149 2295 184 2323 et
200 2301 266 2323 om.
285 2291 314 2323 G
417 2295 452 2322 et
469 2314 477 2322 .
494 2313 502 2322 .
520 2314 527 2322 .
544 2295 579 2321 et
594 2289 662 2321 secl.
678 2289 801 2321 Schuetz
917 2290 1116 2322 exercitatio
1134 2291 1287 2325 Martha:
1313 2293 1479 2324 exercita-

149 2335 241 2366 tione
253 2333 283 2364 L
370 2334 561 2366 verborum.
606 2337 748 2373 eratque
762 2332 791 2363 L
806 2343 814 2364 :
838 2337 979 2373 eratque
990 2334 1170 2366 verborum
1187 2335 1294 2377 vulga:
1319 2341 1394 2368 erat
1406 2346 1480 2368 ver-

148 2378 269 2410 borum
293 2382 433 2418 eratque
449 2376 638 2408 Friedrich:
671 2381 746 2407 erat
769 2377 1016 2408 sententiarum
1044 2378 1259 2411 concinnitas
1282 2381 1479 2412 verborum-

149 2431 217 2461 que
233 2421 326 2453 Bake
412 2420 717 2462 comprehensione
734 2420 886 2452 Martha:
910 2421 1169 2461 comprehensio
1191 2422 1222 2454 L

1353 2466 1392 2498 7*
