1696 2730
701 122 938 162 ORATOR
1428 125 1487 163 66
1507 141 1523 163 2
1532 141 1546 163 2
1552 140 1570 171 3

150 226 360 275 pugnant?
388 238 457 264 cur
484 225 535 264 de
562 224 733 276 perfugis
759 224 902 265 nostris
932 224 1066 276 copias
1092 234 1324 277 comparant
1350 235 1488 266 contra

151 292 257 328 nos?
312 290 444 328 Prima
476 297 567 328 sunt
597 289 664 329 illa
691 291 784 338 duo,
817 303 919 341 quae
953 292 1126 342 κόμματα
1159 291 1301 331 Graeci
1330 301 1484 340 vocant,

150 368 233 394 non
262 354 387 394 incisa
416 354 584 394 dicimus
599 369 610 404 3
651 354 798 394 deinde
827 355 984 394 tertium
1016 359 1137 396 κῶλον
1166 356 1232 405 illi,
1263 370 1336 395 nos
1367 371 1489 396 mem-

150 420 294 468 brum3
334 419 511 470 sequitur
542 433 624 459 non
657 421 878 471 longa—ex
910 421 1068 460 duobus
1097 420 1204 461 enim
1232 421 1421 470 versibus,
1446 422 1488 462 id

113 495 132 529 5
150 492 209 524 est
246 485 444 533 membris,
476 487 650 537 perfecta
682 486 986 538 comprehensio
1024 494 1083 526 est
1120 494 1159 526 et
1201 486 1242 525 in
1286 489 1487 538 spondeos

149 550 256 589 cadit
272 565 283 599 3
324 558 363 590 et
401 552 566 591 Crassus
599 550 762 601 quidem
800 550 856 590 sic
889 553 1123 602 plerumque
1160 551 1330 600 dicebat,
1366 552 1488 603 idque

148 614 233 666 ipse
260 629 384 667 genus
412 615 573 655 dicendi
601 615 771 655 maxime
800 616 938 667 probo.
997 618 1076 656 Sed
1105 630 1207 668 quae
1236 617 1391 656 incisim
1420 625 1488 656 aut
1506 617 1560 664 67

149 681 398 720 membratim
428 682 651 729 efferuntur,
682 695 729 720 ea
757 683 818 720 vel
850 681 1053 732 aptissime
1084 683 1226 721 cadere
1256 683 1416 731 debent,
1445 690 1489 721 ut

148 753 208 785 est
236 747 344 796 apud
376 759 462 784 me:
505 748 660 785 Domus
689 746 760 785 tibi
789 748 955 786 deerat?
993 754 1034 785 at
1066 747 1254 786 habebas.
1313 747 1488 786 Pecunia

92 825 130 848 10
148 811 387 861 superabat?
425 818 466 849 at
502 811 646 861 egebas
660 825 671 859 ς
712 812 811 850 haec
841 811 965 851 incise
1002 811 1108 851 dicta
1145 819 1237 851 sunt
1275 819 1461 862 quattuor
1476 827 1487 861 3
1507 834 1569 865 224

146 883 187 915 at
220 875 471 914 membratim
504 889 607 927 quae
639 883 858 927 sequuntur
887 878 993 916 duo:
1034 876 1237 916 Incurristi
1270 890 1408 916 amens
1446 877 1487 916 in

146 942 363 988 columnas,
386 940 427 979 in
446 940 596 980 alienos
616 940 777 980 insanus
796 941 986 980 insanisti.
1046 941 1204 981 Deinde
1231 942 1366 981 omnia
1391 949 1487 981 tarn-

146 1019 267 1056 quam
313 1005 516 1056 crepidine
562 1007 735 1057 quadam
782 1006 1138 1057 comprehensione
1183 1007 1360 1058 longiore
1406 1021 1488 1046 sus-

146 1071 346 1110 tinentur:
395 1073 645 1122 Depressam‚
693 1084 868 1120 caecam,
909 1071 1104 1111 iacentem
1151 1073 1318 1111 domurn
1364 1072 1486 1123 pluris

91 1153 130 1186 15
147 1149 268 1186 quam
306 1143 344 1175 te
382 1143 421 1175 et
467 1150 588 1187 quam
634 1137 811 1175 fortunas
849 1144 935 1175 tuas
979 1136 1205 1176 aestimasti.
1284 1137 1485 1176 Dichoreo

146 1201 289 1240 finitur.
348 1203 402 1240 At
421 1201 610 1252 spondeis
636 1201 859 1252 proximum
883 1201 992 1240 illud.
1052 1203 1157 1240 Nam
1184 1201 1225 1240 in
1245 1201 1317 1250 his,
1340 1202 1484 1252 quibus

145 1274 188 1305 ut
218 1265 468 1321 pugiunculis
506 1266 563 1304 uti
601 1273 766 1317 oportet,
800 1266 968 1305 brevitas
1007 1266 1123 1305 faciet
1160 1266 1246 1317 ipsa
1282 1266 1485 1306 liberiores

146 1332 269 1383 pedes
283 1346 293 1380 3
322 1344 440 1382 saepe
467 1331 573 1370 enim
600 1331 762 1382 singulis
791 1333 986 1371 utendum
1016 1339 1085 1380 est,
1108 1333 1341 1383 plerumque
1368 1331 1482 1380 binis,

146 1404 186 1436 et
204 1396 380 1447 utrisque
405 1396 500 1435 addi
523 1396 636 1447 pedis
665 1410 754 1448 pars
782 1404 923 1447 potest,
945 1409 1028 1435 non
1054 1398 1134 1436 fere
1162 1396 1282 1436 ternis
1301 1397 1481 1447 amplius.

88 1477 129 1499 20
148 1461 310 1500 Incisim
330 1469 462 1500 autem
489 1468 529 1500 et
558 1461 808 1501 membratim
832 1469 996 1501 tractata
1021 1461 1145 1501 oratio
1174 1461 1215 1500 in
1235 1461 1335 1501 veris
1356 1462 1484 1501 causis
1505 1478 1543 1500 22
1550 1479 1568 1510 5

145 1526 358 1578 plurimum
387 1528 500 1574 valet,
529 1526 779 1577 maximeque
806 1526 862 1566 eis
891 1527 999 1575 locis,
1027 1541 1119 1566 cum
1147 1534 1215 1566 aut
1247 1540 1386 1578 arguas
1416 1535 1486 1567 aut

143 1593 308 1640 refellas,
330 1600 373 1631 ut
392 1605 465 1631 nos
486 1592 526 1630 in
547 1592 785 1632 Corneliana
804 1593 1002 1632 secunda:
1033 1593 1070 1632 O
1097 1591 1261 1631 callidos
1287 1592 1480 1641 homines,

145 1670 170 1696 0
214 1671 296 1696 rem
335 1657 606 1708 excogitatam,
646 1671 670 1696 o
714 1657 872 1708 ingenia
909 1658 1150 1696 metuenda!
1226 1658 1483 1697 Membratim

143 1722 277 1761 adhuc
293 1737 303 1770 ;
332 1722 478 1762 deinde
506 1722 676 1761 caesim:
707 1722 899 1770 Diximus,
921 1735 1052 1761 rursus
1083 1722 1360 1761 membratim:
1390 1724 1485 1763 Tes-

87 1798 128 1830 25
145 1786 194 1825 tis
233 1788 326 1826 dare
363 1789 556 1826 volumus.
616 1789 802 1826 Extrema
839 1786 1014 1838 sequitur
1057 1787 1375 1838 comprehensio,
1412 1790 1483 1828 sed

144 1865 191 1891 ex
219 1852 378 1891 duobus
408 1851 606 1900 membris,
628 1866 707 1902 qua
732 1866 814 1891 non
842 1859 974 1903 potest
1000 1866 1087 1891 esse
1114 1852 1292 1892 brevior:
1336 1855 1481 1903 Quem,

144 1930 304 1968 quaeso,
326 1925 503 1956 nostrum
534 1917 669 1956 fefellit
698 1917 751 1956 ita
779 1931 849 1956 vos
878 1931 964 1956 esse
993 1919 1194 1957 facturos?
1249 1919 1336 1957 Nec
1356 1920 1480 1958 ullum
1501 1927 1564 1959 226

142 1995 267 2033 genus
305 1990 364 2021 est
396 1982 557 2022 dicendi
586 1990 654 2021 aut
688 1982 827 2021 melius
857 1990 926 2022 aut
956 1983 1093 2023 fortius
1127 1997 1246 2034 quarn
1280 1983 1384 2023 binis
1414 1992 1482 2023 aut

190 2097 204 2118 1
230 2086 385 2127 perfugis
412 2086 525 2126 Quint.
554 2089 584 2116 el
607 2085 777 2125 Rufinus:
809 2085 973 2126 perfugiis
997 2084 1027 2116 L
1127 2090 1327 2126 comparant
1351 2085 1382 2116 L
1409 2087 1482 2117 Ru-

136 2131 256 2171 finus:
287 2134 463 2170 comparat
488 2129 517 2160 is
543 2129 594 2160 vel
617 2129 822 2169 comparatis
851 2129 964 2169 Quint.
994 2128 1082 2161 codd.
1239 2131 1260 2160 6
1284 2130 1372 2161 cadit
1399 2131 1428 2161 L
1455 2134 1485 2162 et

143 2174 314 2214 Rufinus:
338 2174 465 2204 cadens
479 2172 620 2204 Schenkl
772 2183 811 2204 12
834 2173 964 2204 alienos
980 2172 1010 2203 L
1027 2184 1035 2204 ε
1057 2173 1181 2205 alienis
1196 2173 1347 2214 Rufinus
1362 2185 1369 2205 ε
1392 2175 1483 2206 antis

144 2218 242 2249 aenis
264 2216 386 2248 Schutz
543 2218 583 2247 16
607 2215 723 2248 finitur
747 2216 799 2247 L:
830 2216 962 2248 finitum
985 2216 1135 2256 Rufinus
1221 2218 1386 2257 spondeis
1410 2217 1482 2248 Ru-

136 2262 255 2301 finus:
279 2261 445 2301 spondius
470 2260 499 2291 L
676 2270 714 2299 17
739 2259 952 2300 pugiunculis
976 2259 1151 2300 Rufinus:
1183 2261 1424 2300 pungiunculis
1449 2260 1479 2291 L

145 2305 246 2336 saciet
276 2305 447 2344 Rufinus:
486 2303 566 2335 fecit
590 2302 631 2334 F¹
648 2315 655 2334 :
691 2303 771 2335 facit
787 2303 946 2334 F²0PM
1144 2314 1187 2334 22
1228 2314 1291 2335 nos
1305 2304 1480 2344 Rufinus:

144 2353 259 2380 nostra
282 2348 312 2379 L
337 2349 592 2388 (‘exspectares
614 2347 669 2378 illa
693 2346 826 2377 nostra’
850 2346 998 2387 Sandys)
1164 2357 1207 2386 24
1231 2348 1310 2379 dein
1332 2347 1483 2388 Rufinus

143 2402 184 2431 27
209 2401 337 2431 quaeso
353 2392 442 2433 vulg.
460 2403 467 2423 :
490 2391 587 2431 quasi
604 2391 633 2422 L
651 2390 764 2430 Quint.
783 2389 933 2431 Rufinus
1089 2391 1133 2422 28
1155 2401 1255 2431 quam
1272 2391 1363 2433 vulg.
1381 2403 1388 2423 :
1412 2402 1480 2425 om.

143 2433 173 2466 L
189 2438 217 2466 et
231 2434 380 2475 Rufinus
