1696 2730
199 128 224 165 3
245 133 281 157 11
599 120 658 158 M.
694 118 865 158 TVLLI
905 117 1216 159 CICERONIS

184 245 221 266 12
242 239 342 271 tatas
361 232 443 271 vias
462 231 708 284 indagemus,
730 231 839 271 tritas
858 231 1138 282 relinquamus.
1196 231 1282 282 Ego
1301 236 1435 269 autem
1455 235 1495 268 et
1513 242 1579 269 me

242 311 361 349 saepe
394 312 499 338 nova
530 298 654 338 videri
687 297 819 337 dicere
851 297 1052 348 intellego,
1085 309 1177 335 cum
1214 302 1417 347 pervetera
1446 294 1579 334 dicam

242 365 314 403 sed
338 363 518 403 inaudita
542 363 751 415 plerisque,
773 371 813 402 et
835 364 960 402 fateor
985 375 1049 401 me
1073 368 1279 409 oratorem,
1302 360 1335 400 si
1358 361 1481 400 modo
1504 359 1579 399 sim

241 437 310 468 aut
338 429 458 469 etiam
478 429 722 480 quicumque
742 429 827 476 sim,
851 442 933 468 non
957 441 1005 467 ex
1030 429 1234 466 rhetorum
1255 426 1421 466 officinis
1441 427 1513 466 sed
1532 439 1581 466 ex

241 495 485 534 Academiae
506 494 641 546 spatiis
661 494 854 534 exstitisse
868 508 878 542 3
915 493 982 532 illa
1001 492 1108 532 enim
1129 499 1221 531 sunt
1241 491 1434 531 curricula
1452 490 1581 530 multi·
1601 511 1618 542 5

240 560 404 611 plieium
423 560 701 610 variorumque
720 573 960 606 sermonum,
982 558 1023 596 in
1043 557 1189 608 quibus
1210 556 1387 597 Platonis
1409 555 1581 608 primum

242 633 335 665 sunt
354 625 545 677 impressa
563 625 736 676 vestigia.
787 626 866 664 Sed
886 632 925 663 et
945 623 1062 662 huius
1082 630 1120 663 et
1139 622 1307 662 aliorum
1326 622 1582 674 philosopho-

242 705 329 730 rum
368 691 704 742 disputationibus
742 698 781 730 et
818 689 1035 740 exagitatus
1074 688 1244 727 maxime
1283 695 1414 727 orator
1450 694 1510 726 est
1543 694 1583 727 et

242 757 429 805 adiutus3
458 756 588 796 omnis
617 756 725 796 enim
754 757 913 795 ubertas
942 762 981 794 et
1009 754 1122 805 quasi
1151 753 1248 793 silva
1276 752 1438 793 dicendi
1460 754 1582 792 ducta

242 823 294 862 ab
324 822 399 861 illis
437 830 497 862 est
530 836 605 862 nec
636 822 729 860 satis
762 830 896 860 tamen
926 821 1118 859 instructa
1147 820 1199 859 ad
1231 818 1398 859 forensis
1428 831 1577 866 causas,
1603 835 1642 858 10

243 901 353 938 quas,
371 896 413 926 ut
434 887 489 926 illi
509 887 584 938 ipsi
604 887 736 926 dicere
756 887 950 934 solebant,
971 884 1250 936 agrestioribus
1271 883 1400 923 Musis
1418 883 1583 934 relique-

182 971 220 1002 13
242 961 343 992 runt.
403 953 469 992 Sic
492 953 721 1003 eloquentia
748 954 848 991 haec
876 951 1043 990 forensis
1072 958 1202 1002 spreta
1226 964 1250 989 a
1272 949 1521 1001 philosophis
1543 957 1584 989 et

187 1382 225 1413 14

242 1018 449 1069 repudiata
475 1018 608 1057 multis
633 1018 796 1069 quidem
826 1017 893 1057 illa
919 1016 1161 1057 adiumentis
1187 1016 1420 1067 magnisque
1446 1015 1584 1065 caruit,

243 1086 314 1124 Sed
334 1092 469 1124 tamen
489 1092 627 1123 ornata
645 1084 775 1124 verbis
794 1091 914 1135 atque
938 1082 1144 1123 sententiis
1169 1082 1424 1122 iactationem
1443 1081 1584 1121 habuit

243 1150 284 1188 in
310 1152 461 1201 populo
487 1164 562 1189 nec
587 1164 806 1201 paucorum
829 1149 1022 1189 iudicium
1048 1148 1478 1200 reprehensionemque
1501 1161 1584 1199 per·
1604 1161 1642 1193 15

242 1215 373 1254 timuit
392 1231 399 1254 :
434 1215 488 1255 ita
507 1223 547 1255 et
566 1215 695 1255 doctis
715 1215 944 1266 eloquentia
963 1214 1165 1266 popularis
1185 1221 1224 1254 et
1243 1213 1398 1253 disertis
1425 1214 1583 1264 elegans

241 1281 423 1320 doctrina
442 1281 579 1321 defuit.

298 1346 477 1386 Positum
498 1347 547 1386 sit
566 1347 682 1399 igitur
701 1346 742 1385 in
762 1346 908 1398 primis,
932 1347 1043 1397 quod
1065 1353 1157 1397 post
1177 1343 1301 1396 magis
1321 1344 1581 1394 intellegetur,

244 1412 329 1452 sine
348 1412 603 1464 philosophia
628 1427 711 1452 non
726 1426 848 1463 -posse
874 1412 977 1451 effici
995 1425 1116 1462 quem
1144 1409 1370 1462 quaerimus
1396 1411 1583 1460 eloquen-

244 1486 337 1526 tem,
359 1492 442 1517 non
471 1485 514 1517 ut
539 1478 581 1516 in
601 1492 649 1517 ea
674 1485 809 1517 tamen
836 1476 971 1516 omnia
997 1476 1086 1524 sint,
1109 1477 1180 1515 sed
1206 1482 1250 1514 ut
1274 1475 1330 1515 sic
1352 1475 1514 1514 adiuvet
1538 1481 1582 1514 ut
1601 1486 1641 1509 20

244 1545 438 1595 palaestra
466 1543 724 1592 histrionem;
753 1556 872 1594 parva
901 1541 1009 1582 enim
1035 1541 1188 1592 magnis
1218 1554 1336 1592 saepe
1364 1539 1582 1580 rectissime

244 1611 510 1649 conferuntur.
570 1611 676 1648 Nam
708 1623 783 1648 nec
813 1608 929 1647 latius
963 1615 1083 1658 atque
1114 1606 1315 1658 copiosius
1348 1607 1399 1646 de
1430 1605 1583 1657 magnis

244 1675 439 1726 variisque
459 1675 577 1714 rebus
597 1675 682 1714 sine
702 1673 956 1725 philosophia
975 1679 1107 1724 potest
1134 1673 1346 1724 quisquam
1373 1671 1505 1711 dicere
1518 1686 1584 1720 3—

185 1754 222 1784 15
245 1740 276 1779 si
303 1740 467 1791 quidem
495 1739 614 1779 etiam
634 1739 675 1779 in
703 1741 887 1779 Phaedro
911 1738 1087 1777 Platonis
1112 1739 1190 1777 hoc
1210 1737 1402 1777 Periclem
1425 1736 1584 1788 praesti-

244 1805 338 1845 tisse
367 1805 507 1845 ceteris
536 1805 634 1845 dicit
662 1805 884 1845 oratoribus
913 1805 1105 1852 Socrates,
1128 1804 1239 1854 quod
1263 1802 1295 1841 is
1324 1804 1582 1854 Anaxagorae
1603 1811 1642 1844 ²5

245 1871 396 1922 physici
417 1871 533 1910 fuerit
551 1871 710 1910 auditor
723 1885 734 1920 ;
762 1885 786 1910 a
805 1884 887 1921 quo
902 1876 1038 1909 censet
1058 1883 1161 1916 eum,
1179 1882 1271 1908 cum
1290 1867 1367 1907 alia
1385 1869 1584 1919 praeclara

245 1937 441 1986 quaedam
471 1943 511 1975 et
540 1936 751 1987 magnifica
776 1935 964 1975 didicisse
992 1942 1077 1974 tum
1106 1935 1270 1973 uberem
1299 1940 1339 1972 et
1366 1933 1584 1972 fecundum

245 2001 365 2040 fuisse
391 2016 648 2052 gnarumque,
675 2003 786 2052 quod
815 2009 874 2041 est
901 1999 1153 2051 eloquentiae
1181 1998 1410 2046 maximum,
1438 1997 1584 2049 quibus

246 2067 435 2106 orationis
455 2067 585 2107 modis
602 2080 785 2118 quaeque
804 2066 1028 2106 animorum
1044 2073 1173 2117 partes
1188 2065 1427 2116 pellerentur
1439 2078 1450 2113 5
1473 2065 1583 2114 quod

247 2132 354 2172 idem
389 2134 440 2172 de
469 2134 745 2172 Demosthene
774 2131 988 2171 existimari
1015 2138 1157 2182 potest,
1189 2130 1302 2169 cuius
1331 2143 1379 2168 ex
1406 2128 1584 2180 epistulis
1603 2136 1645 2168 30

189 2200 227 2232 16
247 2197 420 2249 intellegi
449 2198 541 2237 licet
568 2211 689 2249 quam
715 2198 900 2248 frequens
929 2196 1044 2236 fuerit
1071 2195 1248 2235 Platonis
1273 2194 1431 2234 auditor
1443 2207 1584 2244 3—nec

290 2307 320 2335 3,
341 2307 360 2334 4
384 2307 455 2326 sum
476 2320 482 2328 .
501 2320 508 2328 .
527 2320 533 2327 .
551 2306 624 2327 sum
642 2296 767 2327 maluit
775 2295 904 2338 Stangl
1017 2304 1056 2334 13
1080 2294 1137 2325 illa
1154 2293 1289 2334 quidem
1305 2291 1351 2324 ed.
1369 2292 1470 2324 Rom.
1490 2293 1587 2332 1469,

245 2341 282 2377 cf.
307 2338 448 2379 Madvrjg
470 2339 508 2370 de
530 2340 605 2371 Fz'n.
630 2340 673 2372 iv.
702 2341 753 2378 16,
774 2351 815 2380 43
1027 2347 1069 2378 25
1095 2338 1176 2369 dicit
1201 2336 1289 2369 codd.
1314 2336 1412 2369 dett.:
1443 2337 1534 2368 dicat
1557 2336 1586 2367 L

248 2392 288 2423 27
315 2383 475 2414 didicisse
493 2388 562 2414 tum
579 2384 719 2415 uberem
737 2383 884 2415 Sclnitz:
908 2382 1085 2414 didicisset
1102 2381 1240 2413 uberem
1254 2380 1284 2412 L
