1630 2730
677 144 895 183 BRVTVS
1397 144 1452 190 36
1476 149 1538 189 136

122 265 373 306 vocaverunt,
392 271 464 308 pro
484 256 557 296 reis
578 270 659 296 non
687 270 804 307 saepe
827 256 1020 295 dixerunt.
1080 256 1145 306 Sp.
1167 254 1340 294 Thorius
1361 255 1453 294 satis

122 323 243 362 valuit
270 323 311 361 in
340 322 519 373 populari
547 335 690 373 genere
717 321 889 370 dicendi,
922 321 954 360 is
980 320 1050 371 qui
1079 334 1215 371 agrum
1248 320 1453 371 publicum

122 388 262 427 vitiosa
299 395 338 427 et
385 387 514 426 inutili
560 389 646 438 lege
683 387 863 437 vectigali
901 386 1054 426 levavit.
1142 388 1198 425 M.
1241 387 1454 425 Marcellus

123 453 331 493 Aesernini
368 461 479 504 pater
511 466 593 492 non
631 452 696 491 ille
734 452 897 503 quidem
935 451 976 490 in
1015 450 1201 502 patronis,
1238 452 1309 490 sed
1342 458 1382 490 et
1414 451 1455 489 in

19 534 40 551 r
87 531 105 562 5
123 518 315 571 promptis
344 526 478 557 tamen
506 526 546 557 et
574 531 655 557 non
686 516 947 556 inexercitatis
979 518 1031 556 ad
1060 516 1278 556 dicendum
1307 516 1390 564 fuit,
1413 524 1456 555 ut

124 584 226 623 filius
245 583 330 622 eius
348 585 388 622 P.
408 584 611 622 Lentulus.
671 583 714 621 L.
731 582 852 621 etiam
869 583 989 622 Cotta
1008 580 1225 632 praetorius
1246 580 1286 619 in
1308 580 1455 620 medio·
1480 591 1538 626 ¹57

124 648 249 687 crium
286 656 485 687 oratorum
519 661 697 696 numero,
730 646 892 686 dicendi
931 660 1012 685 non
1043 645 1097 684 ita
1135 647 1305 684 multum
1338 646 1456 685 laude

124 722 377 764 processerat,
413 715 484 753 sed
514 715 565 752 de
598 712 791 752 industria
821 726 913 751 cum
946 711 1075 750 verbis
1107 719 1191 750 tum
1220 711 1340 750 etiam
1369 710 1456 762 ipso

125 792 225 818 sono
244 779 356 830 quasi
375 779 598 818 subrustico
627 778 936 830 persequebatur
964 784 1083 827 atque
1112 775 1339 815 imitabatur
1361 776 1459 815 anti·

69 861 108 885 10
125 844 327 895 quitatem.

179 912 313 960 Atque
338 923 413 961 ego
445 917 485 948 et
515 908 554 947 in
586 910 664 948 hoc
690 908 777 959 ipso
805 909 925 948 Cotta
953 915 992 947 et
1020 907 1060 945 in
1089 907 1174 946 aliis
1204 906 1382 958 pluribus
1402 906 1458 945 in-

125 977 268 1026 tellego
288 989 351 1014 me
372 989 453 1014 non
473 975 527 1013 ita
539 975 706 1014 disertos
721 973 903 1013 homines
923 981 963 1012 et
982 973 1177 1012 rettulisse
1196 972 1237 1011 in
1258 980 1456 1012 oratorum

125 1053 335 1079 numerum
374 1047 413 1078 et
446 1041 668 1078 relaturum.
735 1041 806 1077 Est
838 1037 945 1077 enim
979 1037 1227 1088 propositum
1260 1037 1458 1088 conligere

125 1119 194 1145 eos
235 1104 304 1155 qui
343 1106 420 1143 hoc
459 1118 622 1143 munere
655 1104 696 1142 in
729 1103 887 1143 civitate
924 1103 1050 1142 functi
1083 1103 1171 1151 sint,
1205 1110 1248 1142 ut
1279 1110 1458 1142 tenerent

71 1191 107 1225 15
125 1179 325 1210 oratorum
355 1172 486 1209 locum
502 1185 512 1218 3
540 1183 709 1220 quorum
739 1168 902 1219 quidem
930 1182 1032 1219 quae
1065 1168 1181 1208 fuerit
1208 1167 1390 1207 ascensio
1418 1175 1459 1207 et

126 1249 246 1287 quam
277 1235 318 1274 in
356 1235 541 1274 omnibus
580 1235 696 1273 rebus
735 1233 903 1273 difficilis
942 1233 1083 1284 optimi
1117 1233 1306 1284 perfectio
1338 1240 1458 1283 atque

125 1301 324 1341 absolutio
343 1315 392 1340 ex
411 1314 459 1339 eo
480 1301 589 1351 quod
609 1299 741 1339 dicam
762 1299 974 1338 existimari
994 1306 1135 1350 potest.
1195 1300 1328 1348 Quam
1344 1296 1458 1336 multi
1480 1307 1540 1347 158

127 1366 234 1407 enim
271 1366 350 1405 iam
388 1373 561 1405 oratores
599 1364 900 1404 commemorati
937 1371 1030 1403 sunt
1074 1371 1113 1403 et
1150 1377 1271 1414 quam
1309 1362 1379 1402 diu
1417 1362 1458 1400 in

128 1446 265 1473 eorum
303 1431 601 1471 enumeratione
639 1443 850 1478 versamur,
883 1443 975 1468 cum
1009 1436 1143 1468 tamen
1182 1428 1306 1480 spisse
1339 1435 1459 1478 atque

69 1518 111 1542 20
129 1498 202 1547 vix,
224 1505 268 1536 ut
293 1498 447 1536 dudum
479 1497 532 1535 ad
563 1497 877 1535 Demosthenem
907 1502 947 1534 et
975 1494 1235 1545 Hyperidem,
1268 1493 1323 1532 sic
1352 1506 1460 1532 nunc

128 1565 180 1604 ad
219 1562 440 1602 Antonium
479 1563 746 1611 Crassumque
788 1559 1063 1611 pervenimus!
1148 1561 1253 1598 Nam
1292 1571 1365 1609 ego
1404 1558 1460 1597 sic

129 1628 322 1675 existimo,
367 1628 441 1666 hos
488 1634 661 1666 oratores
708 1625 828 1664 fuisse
867 1625 1059 1664 maximos
1106 1631 1146 1664 et
1192 1624 1233 1662 in
1280 1623 1341 1662 his
1388 1622 1461 1674 pri-

130 1707 240 1732 mum
288 1705 381 1732 cum
428 1693 671 1731 Graecorum
723 1690 846 1742 gloria
898 1689 1040 1729 Latine
1093 1688 1255 1728 dicendi
1302 1687 1459 1739 copiam

129 1766 351 1809 aequatam.
836 1790 922 1819 A&
953 1769 1037 1814 [310
1060 1765 1212 1814 edm!
1234 1766 1318 1799 μα,

72 1834 111 1867 ²5
157 1822 334 1863 somnia
362 1821 575 1861 veniebant
593 1820 772 1859 Antonio
800 1819 841 1858 in
870 1826 1070 1868 mentem3
1099 1832 1225 1869 eaque
1253 1832 1326 1858 suo
1346 1831 1463 1869 quae-

131 1903 209 1940 que
237 1890 337 1935 loco,
362 1887 428 1926 ubi
459 1886 671 1938 plurimum
699 1886 888 1936 proficere
917 1892 957 1924 et
984 1886 1113 1924 valere
1137 1891 1309 1935 possent,
1339 1891 1382 1922 ut
1410 1883 1461 1922 ab

130 1954 363 2006 imperatore
401 1952 554 2003 equites
592 1951 745 2002 pedites
783 1950 879 1989 levis
908 1958 1114 1998 armatura,
1150 1949 1206 1989 sic
1238 1950 1290 1989 ab
1323 1949 1391 1989 illo
1420 1949 1461 1988 in

130 2019 300 2059 maxime
320 2017 552 2069 opportunis
574 2016 762 2056 orationis
782 2016 958 2067 partibus
985 2016 1306 2055 conlocabantur.
1368 2016 1462 2054 Erat

132 2084 322 2124 memoria
355 2096 522 2131 summa,
558 2083 666 2120 nulla
699 2080 968 2120 meditationis
1007 2080 1204 2131 suspieio3
1247 2080 1462 2131 imparatus

74 2163 116 2194 30
133 2163 288 2200 semper
311 2147 470 2199 aggredi
489 2148 541 2186 ad
562 2147 778 2186 dicendum
800 2145 1018 2193 videbatur,
1040 2146 1111 2184 sed
1131 2145 1184 2184 ita
1204 2152 1286 2184 erat
1305 2151 1463 2195 paratus

132 2223 175 2254 ut
194 2214 344 2254 iudices
373 2213 440 2253 illo
469 2212 627 2252 dicente
656 2225 737 2251 non
763 2224 983 2261 numquam
1003 2210 1230 2250 viderentur
1258 2223 1340 2250 non
1370 2208 1464 2249 satis

1480 1797 1530 1837 37

1484 1859 1495 1881 1
1503 1859 1544 1893 39

175 2328 196 2358 3
217 2317 375 2357 vectigali
392 2315 459 2348 cod.
476 2316 557 2348 det.:
579 2314 746 2355 vectigaie
760 2315 790 2346 L
890 2325 909 2353 4
934 2314 995 2345 sed
1013 2312 1080 2355 [et]
1099 2312 1225 2355 Stangl
1319 2322 1339 2353 5
1363 2323 1464 2344 exer-

132 2360 372 2447 ἱξιῑιῗξιιῖεΒΗΜ
473 2370 512 2401 19
535 2370 610 2391 cum
628 2364 743 2390 tamen
759 2357 810 2389 L:
835 2368 935 2398 quam
953 2363 1067 2389 tamen
1088 2356 1202 2389 Bake:
1225 2367 1302 2389 cum
1324 2357 1464 2389 tandem
