1696 2730
0 1957 3 1967 >

0 1975 2 2023 k
26 1995 34 2003 f

654 153 891 194 ORATOR
1385 151 1443 202 56
1464 160 1524 201 187

111 268 151 301 et
178 267 343 312 angusta
376 260 573 311 quaedam
605 265 725 309 atque
758 257 919 297 concisa
951 263 990 296 et
1019 255 1094 296 alia
1127 263 1186 296 est
1214 255 1376 296 dilatata
1405 264 1444 295 et

110 328 198 366 fusa
226 326 361 374 oratio,
383 338 545 364 necesse
574 331 634 363 est
658 323 700 363 id
728 337 811 362 non
839 322 1054 361 litterarum
1083 321 1263 361 accidere
1291 330 1441 368 natura,

111 393 183 431 sed
211 391 504 430 intervallorum
533 391 742 439 longorum
773 395 813 427 et
840 387 1018 427 brevium
1049 386 1236 426 varietate
1250 401 1260 435 3
1298 386 1443 437 quibus

111 456 312 508 implicata
344 463 464 506 atque
492 454 685 506 permixta
718 452 843 493 oratio
871 452 1062 503 quoniam
1092 459 1176 490 tum
1206 452 1356 491 stabilis
1384 459 1444 491 est

73 539 92 572 5
112 529 196 560 tum
227 520 422 568 volubilis,
457 532 620 558 necesse
652 525 711 557 est
742 517 826 557 eius
860 517 970 557 modi
1003 516 1041 556 vi
1078 524 1259 556 naturam
1290 517 1443 556 numeri
1464 556 1474 569 0

112 585 318 625 contineri.
377 587 483 624 Nam
512 583 698 623 circuitus
731 583 806 630 ille,
840 596 961 634 quem
994 595 1112 633 saepe
1150 581 1229 621 iam
1260 582 1441 630 diximus,

111 650 308 690 incitatior
333 663 500 689 numero
525 649 613 700 ipso
638 649 758 688 fertur
783 655 822 687 et
842 647 996 695 labitur,
1019 649 1153 698 quoad
1172 648 1374 698 perveniat
1393 649 1445 687 ad

111 717 233 755 finem
257 723 296 755 et
317 715 480 754 insistat.
539 714 798 764 Perspicuum
824 721 884 752 est
905 712 1021 764 igitur
1046 713 1220 752 numeris
1245 713 1444 752 astrictam

111 781 331 821 orationem
353 794 438 820 esse
457 781 613 827 debere,
636 792 766 818 carere
785 778 973 818 versibus.

54 862 97 886 10
166 848 246 886 Sed
273 846 315 885 hi
344 845 498 885 numeri
523 844 720 896 poeticine
746 843 824 883 sint
847 857 899 882 an
924 857 972 883 ex
996 843 1075 882 alio
1101 857 1244 895 genere
1269 845 1444 894 quodam

111 910 302 962 deinceps
331 918 390 950 est
415 910 645 950 videndum.
713 910 858 948 Nullus
891 916 951 948 est
979 908 1095 960 igitur
1122 922 1310 948 numerus
1339 917 1446 949 extra

111 975 301 1027 poeticos,
326 983 533 1026 propterea
561 976 671 1025 quod
697 973 861 1013 definita
889 981 980 1013 sunt
1005 987 1149 1024 genera
1177 987 1442 1013 numerorum.

113 1042 219 1080 Nam
248 1041 378 1079 omnis
407 1040 493 1079 talis
523 1047 592 1087 est,
614 1046 657 1078 ut
686 1053 788 1078 unus
818 1039 866 1078 sit
892 1052 914 1078 e
943 1038 1078 1078 tribus.
1136 1040 1212 1078 Pes
1237 1039 1355 1087 enim,
1377 1039 1445 1090 qui

112 1106 324 1145 adhibetur
343 1107 394 1145 ad
414 1118 612 1152 numeros,
634 1104 798 1155 partitur
816 1104 858 1143 in
878 1103 959 1151 tria,
982 1111 1025 1142 ut
1044 1117 1206 1144 necesse
1226 1104 1275 1143 sit
1294 1112 1445 1156 partem

55 1185 94 1218 15
114 1170 228 1222 pedis
260 1178 329 1210 aut
356 1172 563 1221 aequalem
598 1183 684 1209 esse
714 1169 824 1209 alteri
857 1169 957 1221 parti
987 1177 1054 1208 aut
1087 1171 1210 1209 altero
1239 1178 1350 1210 tanto
1379 1178 1447 1210 aut

113 1236 247 1287 sesqui
284 1250 370 1275 esse
409 1235 610 1274 maiorem.
679 1236 742 1273 Ita
779 1236 822 1273 fit
859 1234 1035 1285 aequalis
1073 1236 1263 1286 dactylus,
1300 1236 1446 1287 duplex

112 1300 279 1349 iambus,
311 1300 535 1352 sesquiplex
571 1313 698 1351 paean
712 1314 723 1349 5
765 1299 834 1351 qui
871 1301 994 1351 pedes
1032 1299 1073 1338 in
1111 1300 1330 1339 orationem
1364 1314 1445 1340 non

112 1368 254 1406 cadere
285 1366 353 1417 qui
383 1367 579 1418 possunt?
618 1364 763 1416 quibus
797 1365 936 1404 ordine
969 1364 1107 1404 locatis
1141 1367 1251 1416 quod
1282 1365 1447 1404 efficitur

114 1445 370 1471 numerosum
391 1431 441 1470 sit
460 1444 622 1470 neeesse
642 1438 712 1470 est.
771 1431 851 1470 Sed
871 1430 1070 1481 quaeritur
1089 1444 1169 1481 quo
1194 1444 1359 1470 numero
1378 1438 1446 1469 aut

113 1562 333 1602 orationem
358 1562 477 1602 etiam
503 1575 551 1601 ex
577 1562 655 1600 hoc
680 1560 854 1611 intellegi
874 1567 1015 1611 potest,
1038 1562 1148 1611 quod
1168 1575 1302 1600 versus
1329 1575 1446 1612 saepe

112 1627 153 1667 in
180 1627 357 1667 oratione
381 1641 450 1679 per
469 1626 776 1678 imprudentiam
801 1625 983 1665 dicimus.
1041 1627 1113 1665 Est
1132 1626 1174 1666 id
1193 1628 1448 1666 vehementer

112 1693 309 1740 vitiosum,
342 1694 412 1732 sed
450 1706 532 1731 non
569 1691 812 1731 attendimus
850 1704 982 1742 neque
1019 1691 1252 1730 exaudimus
1290 1700 1447 1731 nosmet

113 1758 220 1809 ipsos
233 1774 245 1808 5
283 1757 457 1797 senarios
485 1771 578 1796 vero
611 1764 650 1796 et
682 1756 986 1807 Hipponacteos
1020 1757 1189 1807 effugere
1219 1756 1283 1796 vix
1312 1770 1448 1807 possu-

55 1835 96 1869 ²5
115 1837 227 1873 mus;
250 1837 433 1874 magnam
454 1822 560 1862 enim
581 1829 732 1873 partem
753 1835 800 1860 ex
820 1820 962 1860 iambis
982 1828 1115 1860 nostra
1135 1828 1289 1860 constat
1309 1821 1445 1862 oratio.

114 1890 193 1929 Sed
223 1897 356 1928 tamen
388 1902 456 1928 eos
482 1901 616 1927 versus
650 1886 764 1926 facile
794 1886 973 1938 agnoscit
1001 1886 1182 1935 auditor3
1219 1894 1311 1926 sunt
1339 1887 1446 1927 enim

113 1954 355 1994 usitatissimi
369 1969 380 2002 3
422 1953 667 1992 inculcamus
705 1959 837 1991 autem
875 1965 946 2003 per
982 1951 1290 2002 imprudentiam
1329 1966 1446 2004 saepe

113 2019 232 2059 etiam
258 2019 389 2058 minus
415 2018 591 2066 usitatos,
614 2019 684 2057 sed
708 2025 841 2056 tamen
862 2030 1019 2056 versus:
1048 2016 1233 2056 vitiosum
1258 2030 1383 2068 genus
1408 2025 1447 2057 et

161 2132 175 2153 1
201 2132 363 2154 concessa
377 2121 410 2152 A
503 2121 641 2152 dilatata
653 2119 686 2151 A
703 2131 710 2151 :
734 2119 904 2151 conlatata
914 2119 963 2151 F:
987 2119 1109 2151 collata
1122 2118 1242 2151 P0¹M
1257 2131 1264 2152 ε
1287 2120 1446 2161 colligata

113 2166 206 2198 Bake
350 2176 369 2196 2
393 2165 468 2196 susa
493 2165 527 2196 A
546 2176 554 2196 :
589 2164 713 2196 diffusa
739 2163 768 2194 L
870 2162 1025 2194 accidere
1051 2164 1167 2204 vulg.:
1201 2165 1360 2204 accipere
1385 2165 1420 2195 A
1438 2177 1445 2196 :

111 2210 275 2241 accedere
290 2207 320 2239 L
335 2220 343 2241 :
366 2209 546 2240 accredere
566 2208 609 2240 0¹
720 2217 741 2247 3
763 2206 941 2246 longorum
958 2205 988 2236 L
1005 2218 1013 2238 ε
1037 2207 1229 2247 longiorum
1245 2207 1279 2238 A
1370 2209 1446 2247 qui-

114 2253 178 2285 bus
192 2251 223 2283 L
239 2264 247 2284 ε
271 2257 306 2284 et
321 2253 444 2293 quibus
459 2252 492 2282 A
675 2260 695 2290 5
718 2251 750 2281 vi
767 2249 892 2290 Stangl
904 2261 912 2281 ε
935 2254 971 2281 ut
986 2250 1019 2280 A
1037 2262 1045 2282 ι
1068 2261 1133 2282 om.
1152 2250 1182 2282 L
1314 2252 1444 2284 numeri

114 2296 241 2337 Stangl
254 2307 262 2327 τ
285 2297 437 2328 numeris
451 2294 518 2326 AL
655 2296 695 2326 16
717 2294 832 2334 sesqui
844 2293 918 2324 PM
930 2305 937 2325 :
960 2303 1085 2334 sesque
1096 2293 1180 2325 FO:
1203 2304 1241 2325 se
1258 2295 1394 2334 sesequi
1407 2294 1441 2325 A

117 2349 155 2381 17
179 2340 379 2380 sesquiplex
403 2340 492 2380 vulg.
511 2351 519 2371 ε
551 2339 665 2379 sesqui
692 2337 745 2370 L:
779 2347 929 2378 sequens
951 2336 986 2368 A
1141 2347 1184 2368 22
1207 2342 1259 2369 est
1283 2337 1318 2369 id
1342 2338 1445 2370 vehe-

115 2388 248 2414 menter
262 2383 296 2413 A
313 2395 321 2415 ι
342 2383 434 2423 quod
450 2383 673 2414 vehementer
688 2386 741 2414 est
754 2381 783 2413 L
915 2381 958 2412 26
981 2381 1136 2421 agnoscit
1151 2381 1224 2413 AF
1233 2393 1241 2413 :
1268 2382 1444 2422 cognoscit

116 2425 223 2458 OPM
232 2438 240 2459 ε
263 2427 410 2467 ignoscit
424 2425 612 2468 Heerdegen

1469 850 1527 880 ι88

1467 1438 1530 1479 189

54 1513 97 1536 20
114 1497 259 1549 quibus
287 1496 537 1548 potissimum
567 1496 616 1535 sit
644 1497 850 1535 utendum.
914 1495 1097 1535 Incidere
1124 1509 1218 1535 vero
1247 1496 1376 1535 omnis
1406 1496 1446 1534 in
1485 1547 1487 1549 ι
