<?xml version="1.0" encoding="UTF-8"?>
<!DOCTYPE html PUBLIC "-//W3C//DTD XHTML 1.0 Transitional//EN"
    "http://www.w3.org/TR/xhtml1/DTD/xhtml1-transitional.dtd">
<html xmlns="http://www.w3.org/1999/xhtml" xml:lang="en" lang="en">
 <head>
  <title>
</title>
<meta http-equiv="Content-Type" content="text/html;charset=utf-8" />
  <meta name='ocr-system' content='tesseract 3.04.00' />
  <meta name='ocr-capabilities' content='ocr_page ocr_carea ocr_par ocr_line ocrx_word'/>
</head>
<body>
  <div class='ocr_page' id='page_1' title='image "./rhetoricarecogno02ciceuoft_0020.png"; bbox 0 0 1630 2730; ppageno 0'>
   <div class='ocr_carea' id='block_1_1' title="bbox 135 152 1150 200">
    <p class='ocr_par' dir='ltr' id='par_1_1' title="bbox 135 152 1150 200">
     <span class='ocr_line' id='line_1_1' title="bbox 135 152 1150 200; baseline 0.007 -13"><span class='ocrx_word' id='word_1_1' title='bbox 135 161 160 200; x_wconf 88' lang='lat'><strong>3</strong></span> <span class='ocrx_word' id='word_1_2' title='bbox 184 163 221 188; x_wconf 79' lang='lat'>12</span> <span class='ocrx_word' id='word_1_3' title='bbox 550 152 607 190; x_wconf 87' lang='lat' dir='ltr'>M.</span> <span class='ocrx_word' id='word_1_4' title='bbox 639 153 809 191; x_wconf 87' lang='lat' dir='ltr'>TVLLI</span> <span class='ocrx_word' id='word_1_5' title='bbox 840 153 1150 194; x_wconf 84' lang='lat' dir='ltr'><strong>CICERONIS</strong></span> 
     </span>
    </p>
   </div>
   <div class='ocr_carea' id='block_1_2' title="bbox 109 266 1623 2148">
    <p class='ocr_par' dir='ltr' id='par_1_2' title="bbox 119 266 1623 1168">
     <span class='ocr_line' id='line_1_2' title="bbox 178 266 1515 318; baseline 0.004 -16"><span class='ocrx_word' id='word_1_6' title='bbox 178 266 314 315; x_wconf 89' lang='lat' dir='ltr'><strong>Atque</strong></span> <span class='ocrx_word' id='word_1_7' title='bbox 334 271 377 303; x_wconf 91' lang='lat' dir='ltr'>ut</span> <span class='ocrx_word' id='word_1_8' title='bbox 403 271 492 315; x_wconf 90' lang='lat' dir='ltr'>post</span> <span class='ocrx_word' id='word_1_9' title='bbox 513 266 767 305; x_wconf 87' lang='lat' dir='ltr'>Cannensem</span> <span class='ocrx_word' id='word_1_10' title='bbox 794 266 900 305; x_wconf 89' lang='lat' dir='ltr'>illam</span> <span class='ocrx_word' id='word_1_11' title='bbox 926 267 1192 306; x_wconf 83' lang='lat' dir='ltr'>calamitatem</span> <span class='ocrx_word' id='word_1_12' title='bbox 1217 267 1390 318; x_wconf 88' lang='lat' dir='ltr'>primum</span> <span class='ocrx_word' id='word_1_13' title='bbox 1411 269 1515 306; x_wconf 87' lang='lat' dir='ltr'>Mar-</span> 
     </span>
     <span class='ocr_line' id='line_1_3' title="bbox 177 329 1514 384; baseline 0.003 -16"><span class='ocrx_word' id='word_1_14' title='bbox 177 329 267 369; x_wconf 91' lang='lat' dir='ltr'>celli</span> <span class='ocrx_word' id='word_1_15' title='bbox 281 331 332 369; x_wconf 89' lang='lat' dir='ltr'>ad</span> <span class='ocrx_word' id='word_1_16' title='bbox 349 331 495 369; x_wconf 89' lang='lat' dir='ltr'>Nolam</span> <span class='ocrx_word' id='word_1_17' title='bbox 516 331 666 382; x_wconf 89' lang='lat' dir='ltr'>proelio</span> <span class='ocrx_word' id='word_1_18' title='bbox 686 333 857 383; x_wconf 90' lang='lat' dir='ltr'>populus</span> <span class='ocrx_word' id='word_1_19' title='bbox 873 346 915 372; x_wconf 92' lang='lat' dir='ltr'>se</span> <span class='ocrx_word' id='word_1_20' title='bbox 929 334 1137 372; x_wconf 90' lang='lat' dir='ltr'>Romanus</span> <span class='ocrx_word' id='word_1_21' title='bbox 1157 332 1277 372; x_wconf 89' lang='lat' dir='ltr'>erexit</span> <span class='ocrx_word' id='word_1_22' title='bbox 1296 341 1514 384; x_wconf 88' lang='lat' dir='ltr'>posteaque</span> 
     </span>
     <span class='ocr_line' id='line_1_4' title="bbox 177 397 1513 449; baseline 0.003 -15"><span class='ocrx_word' id='word_1_23' title='bbox 177 409 389 447; x_wconf 84' lang='lat' dir='ltr'>prosperae</span> <span class='ocrx_word' id='word_1_24' title='bbox 423 410 483 436; x_wconf 89' lang='lat' dir='ltr'>res</span> <span class='ocrx_word' id='word_1_25' title='bbox 517 397 706 448; x_wconf 87' lang='lat' dir='ltr'>deinceps</span> <span class='ocrx_word' id='word_1_26' title='bbox 741 400 888 438; x_wconf 89' lang='lat' dir='ltr'>multae</span> <span class='ocrx_word' id='word_1_27' title='bbox 921 407 1160 438; x_wconf 91' lang='lat' dir='ltr'>consecutae</span> <span class='ocrx_word' id='word_1_28' title='bbox 1198 406 1300 446; x_wconf 86' lang='lat' dir='ltr'>sunt,</span> <span class='ocrx_word' id='word_1_29' title='bbox 1333 398 1390 438; x_wconf 89' lang='lat' dir='ltr'>sic</span> <span class='ocrx_word' id='word_1_30' title='bbox 1422 405 1513 449; x_wconf 91' lang='lat' dir='ltr'>post</span> 
     </span>
     <span class='ocr_line' id='line_1_5' title="bbox 174 463 1513 515; baseline 0.002 -15"><span class='ocrx_word' id='word_1_31' title='bbox 174 475 304 501; x_wconf 90' lang='lat' dir='ltr'>rerum</span> <span class='ocrx_word' id='word_1_32' title='bbox 342 470 565 502; x_wconf 89' lang='lat' dir='ltr'>nostrarum</span> <span class='ocrx_word' id='word_1_33' title='bbox 599 471 638 503; x_wconf 89' lang='lat' dir='ltr'>et</span> <span class='ocrx_word' id='word_1_34' title='bbox 670 464 945 503; x_wconf 90' lang='lat' dir='ltr'>communium</span> <span class='ocrx_word' id='word_1_35' title='bbox 979 464 1228 515; x_wconf 87' lang='lat' dir='ltr'>gravissimos</span> <span class='ocrx_word' id='word_1_36' title='bbox 1266 477 1380 503; x_wconf 88' lang='lat' dir='ltr'>casus</span> <span class='ocrx_word' id='word_1_37' title='bbox 1413 463 1513 503; x_wconf 88' lang='lat' dir='ltr'>nihil</span> 
     </span>
     <span class='ocr_line' id='line_1_6' title="bbox 174 527 1548 580; baseline 0.003 -15"><span class='ocrx_word' id='word_1_38' title='bbox 174 534 267 566; x_wconf 90' lang='lat' dir='ltr'>ante</span> <span class='ocrx_word' id='word_1_39' title='bbox 298 527 507 579; x_wconf 90' lang='lat' dir='ltr'>epistulam</span> <span class='ocrx_word' id='word_1_40' title='bbox 543 528 654 568; x_wconf 92' lang='lat' dir='ltr'>Bruti</span> <span class='ocrx_word' id='word_1_41' title='bbox 685 529 782 568; x_wconf 88' lang='lat' dir='ltr'>mihi</span> <span class='ocrx_word' id='word_1_42' title='bbox 815 529 960 569; x_wconf 91' lang='lat' dir='ltr'>accidit</span> <span class='ocrx_word' id='word_1_43' title='bbox 990 531 1099 580; x_wconf 93' lang='lat' dir='ltr'>quod</span> <span class='ocrx_word' id='word_1_44' title='bbox 1127 531 1270 569; x_wconf 89' lang='lat' dir='ltr'>vellem</span> <span class='ocrx_word' id='word_1_45' title='bbox 1299 536 1368 568; x_wconf 89' lang='lat' dir='ltr'>aut</span> <span class='ocrx_word' id='word_1_46' title='bbox 1401 530 1511 580; x_wconf 92' lang='lat' dir='ltr'>quod</span> <span class='ocrx_word' id='word_1_47' title='bbox 1530 542 1548 575; x_wconf 89' lang='lat'><strong>5</strong></span> 
     </span>
     <span class='ocr_line' id='line_1_7' title="bbox 119 592 1511 644; baseline 0.001 -13"><span class='ocrx_word' id='word_1_48' title='bbox 119 613 156 644; x_wconf 82' lang='lat'>13</span> <span class='ocrx_word' id='word_1_49' title='bbox 174 592 307 643; x_wconf 89' lang='lat' dir='ltr'>aliqua</span> <span class='ocrx_word' id='word_1_50' title='bbox 327 607 374 632; x_wconf 88' lang='lat' dir='ltr'>ex</span> <span class='ocrx_word' id='word_1_51' title='bbox 394 601 503 644; x_wconf 88' lang='lat' dir='ltr'>parte</span> <span class='ocrx_word' id='word_1_52' title='bbox 524 594 810 634; x_wconf 86' lang='lat' dir='ltr'>sollicitudines</span> <span class='ocrx_word' id='word_1_53' title='bbox 830 596 1029 634; x_wconf 86' lang='lat' dir='ltr'>adlevaret</span> <span class='ocrx_word' id='word_1_54' title='bbox 1049 608 1167 634; x_wconf 88' lang='lat' dir='ltr'>meas.</span> <span class='ocrx_word' id='word_1_55' title='bbox 1213 596 1319 633; x_wconf 92' lang='lat' dir='ltr'>Tum</span> <span class='ocrx_word' id='word_1_56' title='bbox 1342 596 1511 634; x_wconf 89' lang='lat' dir='ltr'>Brutus:</span> 
     </span>
     <span class='ocr_line' id='line_1_8' title="bbox 175 658 1511 711; baseline 0.001 -15"><span class='ocrx_word' id='word_1_57' title='bbox 175 658 296 697; x_wconf 90' lang='lat' dir='ltr'>Volui</span> <span class='ocrx_word' id='word_1_58' title='bbox 316 658 357 697; x_wconf 92' lang='lat' dir='ltr'>id</span> <span class='ocrx_word' id='word_1_59' title='bbox 378 659 542 709; x_wconf 91' lang='lat' dir='ltr'>quidem</span> <span class='ocrx_word' id='word_1_60' title='bbox 562 660 716 699; x_wconf 88' lang='lat' dir='ltr'>efficere</span> <span class='ocrx_word' id='word_1_61' title='bbox 735 668 841 699; x_wconf 89' lang='lat' dir='ltr'>certe</span> <span class='ocrx_word' id='word_1_62' title='bbox 861 668 900 699; x_wconf 91' lang='lat' dir='ltr'>et</span> <span class='ocrx_word' id='word_1_63' title='bbox 920 660 1036 711; x_wconf 90' lang='lat' dir='ltr'>capio</span> <span class='ocrx_word' id='word_1_64' title='bbox 1060 673 1249 711; x_wconf 86' lang='lat' dir='ltr'>magnum</span> <span class='ocrx_word' id='word_1_65' title='bbox 1273 661 1455 707; x_wconf 91' lang='lat' dir='ltr'>fructum,</span> <span class='ocrx_word' id='word_1_66' title='bbox 1478 659 1511 698; x_wconf 87' lang='lat' dir='ltr'>si</span> 
     </span>
     <span class='ocr_line' id='line_1_9' title="bbox 174 723 1511 775; baseline 0.002 -13"><span class='ocrx_word' id='word_1_67' title='bbox 174 723 337 774; x_wconf 90' lang='lat' dir='ltr'>quidem</span> <span class='ocrx_word' id='word_1_68' title='bbox 359 726 469 775; x_wconf 89' lang='lat' dir='ltr'>quod</span> <span class='ocrx_word' id='word_1_69' title='bbox 489 724 597 764; x_wconf 91' lang='lat' dir='ltr'>volui</span> <span class='ocrx_word' id='word_1_70' title='bbox 623 733 732 764; x_wconf 89' lang='lat' dir='ltr'>tanta</span> <span class='ocrx_word' id='word_1_71' title='bbox 758 725 799 764; x_wconf 91' lang='lat' dir='ltr'>in</span> <span class='ocrx_word' id='word_1_72' title='bbox 819 739 860 764; x_wconf 91' lang='lat' dir='ltr'>re</span> <span class='ocrx_word' id='word_1_73' title='bbox 881 733 1119 764; x_wconf 87' lang='lat' dir='ltr'>consecutus</span> <span class='ocrx_word' id='word_1_74' title='bbox 1146 739 1245 764; x_wconf 89' lang='lat' dir='ltr'>sum.</span> <span class='ocrx_word' id='word_1_75' title='bbox 1305 726 1385 765; x_wconf 90' lang='lat' dir='ltr'>Sed</span> <span class='ocrx_word' id='word_1_76' title='bbox 1411 724 1511 765; x_wconf 84' lang='lat' dir='ltr'>scire</span> 
     </span>
     <span class='ocr_line' id='line_1_10' title="bbox 174 789 1511 840; baseline 0.001 -13"><span class='ocrx_word' id='word_1_77' title='bbox 174 789 304 839; x_wconf 91' lang='lat' dir='ltr'>cupio,</span> <span class='ocrx_word' id='word_1_78' title='bbox 327 803 430 840; x_wconf 90' lang='lat' dir='ltr'>quae</span> <span class='ocrx_word' id='word_1_79' title='bbox 457 797 495 829; x_wconf 92' lang='lat' dir='ltr'>te</span> <span class='ocrx_word' id='word_1_80' title='bbox 519 790 642 829; x_wconf 88' lang='lat' dir='ltr'>Attici</span> <span class='ocrx_word' id='word_1_81' title='bbox 668 790 819 830; x_wconf 87' lang='lat' dir='ltr'>litterae</span> <span class='ocrx_word' id='word_1_82' title='bbox 846 790 1138 830; x_wconf 87' lang='lat' dir='ltr'>delectaverint.</span> <span class='ocrx_word' id='word_1_83' title='bbox 1200 792 1306 830; x_wconf 90' lang='lat' dir='ltr'>Istae</span> <span class='ocrx_word' id='word_1_84' title='bbox 1328 804 1432 839; x_wconf 89' lang='lat' dir='ltr'>vero,</span> <span class='ocrx_word' id='word_1_85' title='bbox 1454 790 1511 829; x_wconf 90' lang='lat' dir='ltr'>in—</span> 
     </span>
     <span class='ocr_line' id='line_1_11' title="bbox 173 855 1623 904; baseline 0.001 -12"><span class='ocrx_word' id='word_1_86' title='bbox 173 868 305 904; x_wconf 89' lang='lat' dir='ltr'>quam,</span> <span class='ocrx_word' id='word_1_87' title='bbox 330 857 462 902; x_wconf 89' lang='lat' dir='ltr'>Brute,</span> <span class='ocrx_word' id='word_1_88' title='bbox 489 869 571 894; x_wconf 92' lang='lat' dir='ltr'>non</span> <span class='ocrx_word' id='word_1_89' title='bbox 601 857 724 895; x_wconf 91' lang='lat' dir='ltr'>modo</span> <span class='ocrx_word' id='word_1_90' title='bbox 751 856 1059 895; x_wconf 83' lang='lat' dir='ltr'>delectationem</span> <span class='ocrx_word' id='word_1_91' title='bbox 1086 855 1183 894; x_wconf 88' lang='lat' dir='ltr'>mihi</span> <span class='ocrx_word' id='word_1_92' title='bbox 1213 857 1283 895; x_wconf 91' lang='lat' dir='ltr'>sed</span> <span class='ocrx_word' id='word_1_93' title='bbox 1310 855 1440 903; x_wconf 88' lang='lat' dir='ltr'>etiarn,</span> <span class='ocrx_word' id='word_1_94' title='bbox 1466 863 1510 895; x_wconf 89' lang='lat' dir='ltr'>ut</span> <span class='ocrx_word' id='word_1_95' title='bbox 1531 868 1570 893; x_wconf 87' lang='lat'>10</span> <span class='ocrx_word' id='word_1_96' title='bbox 1622 899 1623 902; x_wconf 11' lang='grc' dir='ltr'><strong>Ἴ</strong></span> 
     </span>
     <span class='ocr_line' id='line_1_12' title="bbox 171 920 1508 972; baseline 0.002 -14"><span class='ocrx_word' id='word_1_97' title='bbox 171 933 298 971; x_wconf 90' lang='lat' dir='ltr'>spero,</span> <span class='ocrx_word' id='word_1_98' title='bbox 322 922 489 959; x_wconf 89' lang='lat' dir='ltr'>salutem</span> <span class='ocrx_word' id='word_1_99' title='bbox 510 923 737 960; x_wconf 89' lang='lat' dir='ltr'>attulerunt.</span> <span class='ocrx_word' id='word_1_100' title='bbox 789 923 995 961; x_wconf 88' lang='lat' dir='ltr'>Salutem?</span> <span class='ocrx_word' id='word_1_101' title='bbox 1022 921 1151 972; x_wconf 90' lang='lat' dir='ltr'>inquit</span> <span class='ocrx_word' id='word_1_102' title='bbox 1171 920 1246 960; x_wconf 89' lang='lat' dir='ltr'>ille.</span> <span class='ocrx_word' id='word_1_103' title='bbox 1290 922 1508 971; x_wconf 86' lang='lat' dir='ltr'>Quodnam</span> 
     </span>
     <span class='ocr_line' id='line_1_13' title="bbox 170 985 1509 1037; baseline 0.001 -13"><span class='ocrx_word' id='word_1_104' title='bbox 170 987 334 1024; x_wconf 89' lang='lat' dir='ltr'>tandem</span> <span class='ocrx_word' id='word_1_105' title='bbox 363 999 488 1037; x_wconf 85' lang='lat' dir='ltr'>genus</span> <span class='ocrx_word' id='word_1_106' title='bbox 518 985 620 1025; x_wconf 88' lang='lat' dir='ltr'>istuc</span> <span class='ocrx_word' id='word_1_107' title='bbox 650 994 730 1024; x_wconf 89' lang='lat' dir='ltr'>tam</span> <span class='ocrx_word' id='word_1_108' title='bbox 760 988 1006 1036; x_wconf 87' lang='lat' dir='ltr'>praeclarum</span> <span class='ocrx_word' id='word_1_109' title='bbox 1035 985 1252 1025; x_wconf 88' lang='lat' dir='ltr'>litterarum</span> <span class='ocrx_word' id='word_1_110' title='bbox 1281 985 1387 1025; x_wconf 82' lang='lat' dir='ltr'>fuit?</span> <span class='ocrx_word' id='word_1_111' title='bbox 1442 988 1509 1025; x_wconf 90' lang='lat' dir='ltr'>An</span> 
     </span>
     <span class='ocr_line' id='line_1_14' title="bbox 169 1050 1507 1102; baseline 0.002 -14"><span class='ocrx_word' id='word_1_112' title='bbox 169 1050 267 1088; x_wconf 88' lang='lat' dir='ltr'>mihi</span> <span class='ocrx_word' id='word_1_113' title='bbox 296 1051 436 1100; x_wconf 87' lang='lat' dir='ltr'>potuit,</span> <span class='ocrx_word' id='word_1_114' title='bbox 458 1050 634 1101; x_wconf 90' lang='lat' dir='ltr'>inquam,</span> <span class='ocrx_word' id='word_1_115' title='bbox 657 1065 743 1091; x_wconf 91' lang='lat' dir='ltr'>esse</span> <span class='ocrx_word' id='word_1_116' title='bbox 771 1058 839 1090; x_wconf 91' lang='lat' dir='ltr'>aut</span> <span class='ocrx_word' id='word_1_117' title='bbox 865 1051 1009 1102; x_wconf 86' lang='lat' dir='ltr'>gratior</span> <span class='ocrx_word' id='word_1_118' title='bbox 1037 1053 1116 1090; x_wconf 92' lang='lat' dir='ltr'>ulla</span> <span class='ocrx_word' id='word_1_119' title='bbox 1145 1051 1328 1090; x_wconf 89' lang='lat' dir='ltr'>salutatio</span> <span class='ocrx_word' id='word_1_120' title='bbox 1358 1059 1426 1091; x_wconf 89' lang='lat' dir='ltr'>aut</span> <span class='ocrx_word' id='word_1_121' title='bbox 1454 1052 1507 1091; x_wconf 87' lang='lat' dir='ltr'>ad</span> 
     </span>
     <span class='ocr_line' id='line_1_15' title="bbox 169 1117 1504 1168; baseline 0.001 -13"><span class='ocrx_word' id='word_1_122' title='bbox 169 1117 247 1155; x_wconf 89' lang='lat' dir='ltr'>hoc</span> <span class='ocrx_word' id='word_1_123' title='bbox 263 1124 420 1167; x_wconf 89' lang='lat' dir='ltr'>tempus</span> <span class='ocrx_word' id='word_1_124' title='bbox 439 1117 567 1167; x_wconf 86' lang='lat' dir='ltr'>aptior</span> <span class='ocrx_word' id='word_1_125' title='bbox 582 1131 703 1168; x_wconf 90' lang='lat' dir='ltr'>quam</span> <span class='ocrx_word' id='word_1_126' title='bbox 723 1117 827 1157; x_wconf 89' lang='lat' dir='ltr'>illius</span> <span class='ocrx_word' id='word_1_127' title='bbox 847 1118 935 1156; x_wconf 90' lang='lat' dir='ltr'>libri</span> <span class='ocrx_word' id='word_1_128' title='bbox 949 1131 1030 1168; x_wconf 93' lang='lat' dir='ltr'>quo</span> <span class='ocrx_word' id='word_1_129' title='bbox 1046 1131 1110 1157; x_wconf 90' lang='lat' dir='ltr'>me</span> <span class='ocrx_word' id='word_1_130' title='bbox 1130 1117 1195 1158; x_wconf 91' lang='lat' dir='ltr'>hic</span> <span class='ocrx_word' id='word_1_131' title='bbox 1214 1118 1370 1156; x_wconf 88' lang='lat' dir='ltr'>adfatus</span> <span class='ocrx_word' id='word_1_132' title='bbox 1391 1117 1504 1168; x_wconf 86' lang='lat' dir='ltr'>quasi</span> 
     </span>
    </p>

    <p class='ocr_par' dir='ltr' id='par_1_3' title="bbox 110 1181 1567 1365">
     <span class='ocr_line' id='line_1_16' title="bbox 110 1181 1567 1234; baseline 0.001 -15"><span class='ocrx_word' id='word_1_133' title='bbox 110 1195 149 1229; x_wconf 92' lang='lat'>14</span> <span class='ocrx_word' id='word_1_134' title='bbox 168 1181 365 1221; x_wconf 86' lang='lat' dir='ltr'>iacentem</span> <span class='ocrx_word' id='word_1_135' title='bbox 395 1183 607 1222; x_wconf 88' lang='lat' dir='ltr'>excitavit?</span> <span class='ocrx_word' id='word_1_136' title='bbox 662 1185 768 1222; x_wconf 92' lang='lat' dir='ltr'>Tum</span> <span class='ocrx_word' id='word_1_137' title='bbox 797 1183 886 1222; x_wconf 86' lang='lat' dir='ltr'>ille:</span> <span class='ocrx_word' id='word_1_138' title='bbox 917 1185 1074 1234; x_wconf 91' lang='lat' dir='ltr'>Nempe</span> <span class='ocrx_word' id='word_1_139' title='bbox 1103 1197 1195 1223; x_wconf 89' lang='lat' dir='ltr'>eum</span> <span class='ocrx_word' id='word_1_140' title='bbox 1224 1183 1333 1230; x_wconf 89' lang='lat' dir='ltr'>dicis,</span> <span class='ocrx_word' id='word_1_141' title='bbox 1363 1182 1502 1234; x_wconf 88' lang='lat' dir='ltr'>inquit,</span> <span class='ocrx_word' id='word_1_142' title='bbox 1527 1197 1567 1229; x_wconf 87' lang='lat'>15</span> 
     </span>
     <span class='ocr_line' id='line_1_17' title="bbox 168 1247 1505 1297; baseline 0.001 -11"><span class='ocrx_word' id='word_1_143' title='bbox 168 1260 249 1297; x_wconf 91' lang='lat' dir='ltr'>quo</span> <span class='ocrx_word' id='word_1_144' title='bbox 287 1247 361 1286; x_wconf 88' lang='lat' dir='ltr'>iste</span> <span class='ocrx_word' id='word_1_145' title='bbox 399 1261 560 1287; x_wconf 89' lang='lat' dir='ltr'>ornnem</span> <span class='ocrx_word' id='word_1_146' title='bbox 598 1262 728 1288; x_wconf 90' lang='lat' dir='ltr'>rerum</span> <span class='ocrx_word' id='word_1_147' title='bbox 767 1248 1000 1288; x_wconf 87' lang='lat' dir='ltr'>memoriam</span> <span class='ocrx_word' id='word_1_148' title='bbox 1040 1248 1207 1288; x_wconf 88' lang='lat' dir='ltr'>breviter</span> <span class='ocrx_word' id='word_1_149' title='bbox 1245 1256 1294 1296; x_wconf 88' lang='lat' dir='ltr'>et,</span> <span class='ocrx_word' id='word_1_150' title='bbox 1326 1255 1369 1287; x_wconf 91' lang='lat' dir='ltr'>ut</span> <span class='ocrx_word' id='word_1_151' title='bbox 1407 1247 1505 1287; x_wconf 91' lang='lat' dir='ltr'>mihi</span> 
     </span>
     <span class='ocr_line' id='line_1_18' title="bbox 167 1312 1504 1365; baseline 0.001 -14"><span class='ocrx_word' id='word_1_152' title='bbox 167 1312 330 1363; x_wconf 91' lang='lat' dir='ltr'>quidem</span> <span class='ocrx_word' id='word_1_153' title='bbox 365 1313 492 1352; x_wconf 90' lang='lat' dir='ltr'>visum</span> <span class='ocrx_word' id='word_1_154' title='bbox 527 1321 597 1361; x_wconf 89' lang='lat' dir='ltr'>est,</span> <span class='ocrx_word' id='word_1_155' title='bbox 630 1314 909 1365; x_wconf 86' lang='lat' dir='ltr'>perdiligenter</span> <span class='ocrx_word' id='word_1_156' title='bbox 947 1315 1177 1365; x_wconf 88' lang='lat' dir='ltr'>complexus</span> <span class='ocrx_word' id='word_1_157' title='bbox 1216 1316 1307 1353; x_wconf 85' lang='lat' dir='ltr'>est?</span> <span class='ocrx_word' id='word_1_158' title='bbox 1375 1315 1504 1353; x_wconf 89' lang='lat' dir='ltr'>Istum</span> 
     </span>
    </p>

    <p class='ocr_par' dir='ltr' id='par_1_4' title="bbox 109 1378 1566 2148">
     <span class='ocr_line' id='line_1_19' title="bbox 119 1378 1502 1430; baseline 0.001 -14"><span class='ocrx_word' id='word_1_159' title='bbox 119 1390 146 1427; x_wconf 95' lang='lat'>4</span> <span class='ocrx_word' id='word_1_160' title='bbox 166 1378 308 1430; x_wconf 87' lang='lat' dir='ltr'>ipsum,</span> <span class='ocrx_word' id='word_1_161' title='bbox 331 1378 510 1429; x_wconf 88' lang='lat' dir='ltr'>inquam,</span> <span class='ocrx_word' id='word_1_162' title='bbox 531 1381 666 1428; x_wconf 87' lang='lat' dir='ltr'>Brute,</span> <span class='ocrx_word' id='word_1_163' title='bbox 686 1379 778 1419; x_wconf 91' lang='lat' dir='ltr'>dico</span> <span class='ocrx_word' id='word_1_164' title='bbox 798 1379 942 1418; x_wconf 90' lang='lat' dir='ltr'>librum</span> <span class='ocrx_word' id='word_1_165' title='bbox 962 1379 1060 1418; x_wconf 90' lang='lat' dir='ltr'>mihi</span> <span class='ocrx_word' id='word_1_166' title='bbox 1080 1379 1195 1418; x_wconf 90' lang='lat' dir='ltr'>saluti</span> <span class='ocrx_word' id='word_1_167' title='bbox 1215 1379 1347 1418; x_wconf 89' lang='lat' dir='ltr'>fuisse.</span> <span class='ocrx_word' id='word_1_168' title='bbox 1396 1380 1502 1418; x_wconf 90' lang='lat' dir='ltr'>Turn</span> 
     </span>
     <span class='ocr_line' id='line_1_20' title="bbox 166 1443 1504 1496; baseline 0.001 -14"><span class='ocrx_word' id='word_1_169' title='bbox 166 1443 350 1483; x_wconf 86' lang='lat' dir='ltr'>Atticus:</span> <span class='ocrx_word' id='word_1_170' title='bbox 390 1444 695 1495; x_wconf 88' lang='lat' dir='ltr'>Optatissimum</span> <span class='ocrx_word' id='word_1_171' title='bbox 725 1445 822 1483; x_wconf 91' lang='lat' dir='ltr'>mihi</span> <span class='ocrx_word' id='word_1_172' title='bbox 852 1445 1014 1496; x_wconf 91' lang='lat' dir='ltr'>quidem</span> <span class='ocrx_word' id='word_1_173' title='bbox 1044 1452 1103 1484; x_wconf 91' lang='lat' dir='ltr'>est</span> <span class='ocrx_word' id='word_1_174' title='bbox 1132 1446 1242 1496; x_wconf 91' lang='lat' dir='ltr'>quod</span> <span class='ocrx_word' id='word_1_175' title='bbox 1271 1444 1400 1493; x_wconf 83' lang='lat' dir='ltr'>dicis;</span> <span class='ocrx_word' id='word_1_176' title='bbox 1433 1446 1504 1484; x_wconf 92' lang='lat' dir='ltr'>sed</span> 
     </span>
     <span class='ocr_line' id='line_1_21' title="bbox 167 1509 1566 1562; baseline 0 -15"><span class='ocrx_word' id='word_1_177' title='bbox 167 1509 265 1560; x_wconf 92' lang='lat' dir='ltr'>quid</span> <span class='ocrx_word' id='word_1_178' title='bbox 299 1510 461 1548; x_wconf 88' lang='lat' dir='ltr'>tandem</span> <span class='ocrx_word' id='word_1_179' title='bbox 495 1510 634 1549; x_wconf 89' lang='lat' dir='ltr'>habuit</span> <span class='ocrx_word' id='word_1_180' title='bbox 664 1510 763 1550; x_wconf 91' lang='lat' dir='ltr'>liber</span> <span class='ocrx_word' id='word_1_181' title='bbox 800 1510 873 1550; x_wconf 91' lang='lat' dir='ltr'>iste</span> <span class='ocrx_word' id='word_1_182' title='bbox 912 1512 1021 1562; x_wconf 92' lang='lat' dir='ltr'>quod</span> <span class='ocrx_word' id='word_1_183' title='bbox 1055 1510 1127 1550; x_wconf 91' lang='lat' dir='ltr'>tibi</span> <span class='ocrx_word' id='word_1_184' title='bbox 1158 1518 1225 1550; x_wconf 91' lang='lat' dir='ltr'>aut</span> <span class='ocrx_word' id='word_1_185' title='bbox 1258 1524 1407 1550; x_wconf 90' lang='lat' dir='ltr'>novum</span> <span class='ocrx_word' id='word_1_186' title='bbox 1436 1517 1504 1550; x_wconf 90' lang='lat' dir='ltr'>aut</span> <span class='ocrx_word' id='word_1_187' title='bbox 1525 1524 1566 1547; x_wconf 83' lang='lat'>20</span> 
     </span>
     <span class='ocr_line' id='line_1_22' title="bbox 109 1575 1504 1627; baseline 0.001 -14"><span class='ocrx_word' id='word_1_188' title='bbox 109 1586 147 1620; x_wconf 88' lang='lat'>15</span> <span class='ocrx_word' id='word_1_189' title='bbox 168 1582 279 1614; x_wconf 87' lang='lat' dir='ltr'>tanto</span> <span class='ocrx_word' id='word_1_190' title='bbox 309 1575 397 1613; x_wconf 87' lang='lat' dir='ltr'>usui</span> <span class='ocrx_word' id='word_1_191' title='bbox 426 1583 560 1626; x_wconf 91' lang='lat' dir='ltr'>posset</span> <span class='ocrx_word' id='word_1_192' title='bbox 589 1578 706 1615; x_wconf 84' lang='lat' dir='ltr'>esse?</span> <span class='ocrx_word' id='word_1_193' title='bbox 763 1578 836 1615; x_wconf 91' lang='lat' dir='ltr'>Ille</span> <span class='ocrx_word' id='word_1_194' title='bbox 866 1590 959 1615; x_wconf 91' lang='lat' dir='ltr'>vero</span> <span class='ocrx_word' id='word_1_195' title='bbox 991 1584 1030 1616; x_wconf 91' lang='lat' dir='ltr'>et</span> <span class='ocrx_word' id='word_1_196' title='bbox 1061 1590 1174 1623; x_wconf 89' lang='lat' dir='ltr'>nova,</span> <span class='ocrx_word' id='word_1_197' title='bbox 1203 1575 1378 1627; x_wconf 89' lang='lat' dir='ltr'>inquam,</span> <span class='ocrx_word' id='word_1_198' title='bbox 1405 1575 1504 1615; x_wconf 90' lang='lat' dir='ltr'>mihi</span> 
     </span>
     <span class='ocr_line' id='line_1_23' title="bbox 167 1640 1505 1692; baseline 0.001 -14"><span class='ocrx_word' id='word_1_199' title='bbox 167 1640 330 1691; x_wconf 89' lang='lat' dir='ltr'>quidem</span> <span class='ocrx_word' id='word_1_200' title='bbox 358 1642 482 1679; x_wconf 89' lang='lat' dir='ltr'>multa</span> <span class='ocrx_word' id='word_1_201' title='bbox 507 1648 547 1680; x_wconf 89' lang='lat' dir='ltr'>et</span> <span class='ocrx_word' id='word_1_202' title='bbox 576 1655 664 1680; x_wconf 90' lang='lat' dir='ltr'>eam</span> <span class='ocrx_word' id='word_1_203' title='bbox 693 1641 903 1681; x_wconf 88' lang='lat' dir='ltr'>utilitatem</span> <span class='ocrx_word' id='word_1_204' title='bbox 934 1655 1054 1692; x_wconf 90' lang='lat' dir='ltr'>quam</span> <span class='ocrx_word' id='word_1_205' title='bbox 1083 1641 1343 1692; x_wconf 89' lang='lat' dir='ltr'>requirebam,</span> <span class='ocrx_word' id='word_1_206' title='bbox 1370 1649 1414 1680; x_wconf 95' lang='lat' dir='ltr'>ut</span> <span class='ocrx_word' id='word_1_207' title='bbox 1442 1655 1505 1681; x_wconf 89' lang='lat' dir='ltr'>ex-</span> 
     </span>
     <span class='ocr_line' id='line_1_24' title="bbox 165 1704 1505 1757; baseline 0.002 -14"><span class='ocrx_word' id='word_1_208' title='bbox 165 1704 318 1756; x_wconf 91' lang='lat' dir='ltr'>plicatis</span> <span class='ocrx_word' id='word_1_209' title='bbox 340 1705 547 1744; x_wconf 89' lang='lat' dir='ltr'>ordinibus</span> <span class='ocrx_word' id='word_1_210' title='bbox 574 1713 799 1757; x_wconf 90' lang='lat' dir='ltr'>temporum</span> <span class='ocrx_word' id='word_1_211' title='bbox 828 1720 909 1746; x_wconf 90' lang='lat' dir='ltr'>uno</span> <span class='ocrx_word' id='word_1_212' title='bbox 932 1706 973 1745; x_wconf 92' lang='lat' dir='ltr'>in</span> <span class='ocrx_word' id='word_1_213' title='bbox 997 1714 1218 1757; x_wconf 90' lang='lat' dir='ltr'>conspectu</span> <span class='ocrx_word' id='word_1_214' title='bbox 1245 1706 1381 1746; x_wconf 90' lang='lat' dir='ltr'>omnia</span> <span class='ocrx_word' id='word_1_215' title='bbox 1399 1706 1505 1746; x_wconf 89' lang='lat' dir='ltr'>vide-</span> 
     </span>
     <span class='ocr_line' id='line_1_25' title="bbox 164 1771 1503 1823; baseline 0.001 -14"><span class='ocrx_word' id='word_1_216' title='bbox 164 1784 258 1810; x_wconf 89' lang='lat' dir='ltr'>rem.</span> <span class='ocrx_word' id='word_1_217' title='bbox 319 1771 434 1819; x_wconf 88' lang='lat' dir='ltr'>Quae</span> <span class='ocrx_word' id='word_1_218' title='bbox 468 1784 560 1810; x_wconf 92' lang='lat' dir='ltr'>cum</span> <span class='ocrx_word' id='word_1_219' title='bbox 595 1771 772 1811; x_wconf 87' lang='lat' dir='ltr'>studiose</span> <span class='ocrx_word' id='word_1_220' title='bbox 811 1779 976 1811; x_wconf 90' lang='lat' dir='ltr'>tractare</span> <span class='ocrx_word' id='word_1_221' title='bbox 1002 1772 1248 1823; x_wconf 89' lang='lat' dir='ltr'>coepissem,</span> <span class='ocrx_word' id='word_1_222' title='bbox 1281 1771 1367 1823; x_wconf 88' lang='lat' dir='ltr'>ipsa</span> <span class='ocrx_word' id='word_1_223' title='bbox 1405 1771 1503 1811; x_wconf 89' lang='lat' dir='ltr'>mihi</span> 
     </span>
     <span class='ocr_line' id='line_1_26' title="bbox 164 1835 1562 1888; baseline -0.001 -14"><span class='ocrx_word' id='word_1_224' title='bbox 164 1835 344 1875; x_wconf 88' lang='lat' dir='ltr'>tractatio</span> <span class='ocrx_word' id='word_1_225' title='bbox 364 1836 581 1876; x_wconf 90' lang='lat' dir='ltr'>litterarum</span> <span class='ocrx_word' id='word_1_226' title='bbox 605 1837 782 1876; x_wconf 90' lang='lat' dir='ltr'>salutaris</span> <span class='ocrx_word' id='word_1_227' title='bbox 807 1837 880 1876; x_wconf 88' lang='lat' dir='ltr'>fuit</span> <span class='ocrx_word' id='word_1_228' title='bbox 903 1837 1207 1888; x_wconf 87' lang='lat' dir='ltr'>admonuitque,</span> <span class='ocrx_word' id='word_1_229' title='bbox 1227 1837 1436 1888; x_wconf 90' lang='lat' dir='ltr'>Pomponi,</span> <span class='ocrx_word' id='word_1_230' title='bbox 1459 1844 1503 1877; x_wconf 90' lang='lat' dir='ltr'>ut</span> <span class='ocrx_word' id='word_1_231' title='bbox 1522 1850 1562 1884; x_wconf 84' lang='lat'>25</span> 
     </span>
     <span class='ocr_line' id='line_1_27' title="bbox 162 1900 1503 1953; baseline 0.002 -14"><span class='ocrx_word' id='word_1_232' title='bbox 162 1914 186 1939; x_wconf 88' lang='lat' dir='ltr'>a</span> <span class='ocrx_word' id='word_1_233' title='bbox 205 1908 244 1939; x_wconf 92' lang='lat' dir='ltr'>te</span> <span class='ocrx_word' id='word_1_234' title='bbox 264 1900 351 1951; x_wconf 88' lang='lat' dir='ltr'>ipso</span> <span class='ocrx_word' id='word_1_235' title='bbox 371 1914 568 1940; x_wconf 88' lang='lat' dir='ltr'>sumerem</span> <span class='ocrx_word' id='word_1_236' title='bbox 588 1902 739 1952; x_wconf 91' lang='lat' dir='ltr'>aliquid</span> <span class='ocrx_word' id='word_1_237' title='bbox 755 1904 806 1941; x_wconf 91' lang='lat' dir='ltr'>ad</span> <span class='ocrx_word' id='word_1_238' title='bbox 823 1916 887 1942; x_wconf 88' lang='lat' dir='ltr'>me</span> <span class='ocrx_word' id='word_1_239' title='bbox 906 1902 1165 1942; x_wconf 89' lang='lat' dir='ltr'>reficiendum</span> <span class='ocrx_word' id='word_1_240' title='bbox 1186 1909 1305 1953; x_wconf 89' lang='lat' dir='ltr'>teque</span> <span class='ocrx_word' id='word_1_241' title='bbox 1324 1916 1503 1942; x_wconf 87' lang='lat' dir='ltr'>remune-</span> 
     </span>
     <span class='ocr_line' id='line_1_28' title="bbox 161 1965 1500 2018; baseline 0.002 -14"><span class='ocrx_word' id='word_1_242' title='bbox 161 1967 330 2005; x_wconf 88' lang='lat' dir='ltr'>randum</span> <span class='ocrx_word' id='word_1_243' title='bbox 361 1965 392 2004; x_wconf 89' lang='lat' dir='ltr'>si</span> <span class='ocrx_word' id='word_1_244' title='bbox 421 1980 504 2005; x_wconf 92' lang='lat' dir='ltr'>non</span> <span class='ocrx_word' id='word_1_245' title='bbox 533 1966 627 2017; x_wconf 92' lang='lat' dir='ltr'>pari,</span> <span class='ocrx_word' id='word_1_246' title='bbox 655 1975 695 2006; x_wconf 87' lang='lat' dir='ltr'>at</span> <span class='ocrx_word' id='word_1_247' title='bbox 724 1975 834 2018; x_wconf 88' lang='lat' dir='ltr'>grato</span> <span class='ocrx_word' id='word_1_248' title='bbox 865 1975 999 2007; x_wconf 89' lang='lat' dir='ltr'>tamen</span> <span class='ocrx_word' id='word_1_249' title='bbox 1030 1981 1217 2007; x_wconf 87' lang='lat' dir='ltr'>munere:</span> <span class='ocrx_word' id='word_1_250' title='bbox 1257 1980 1500 2018; x_wconf 88' lang='lat' dir='ltr'>quamquam</span> 
     </span>
     <span class='ocr_line' id='line_1_29' title="bbox 161 2030 1501 2083; baseline 0.001 -14"><span class='ocrx_word' id='word_1_251' title='bbox 161 2030 259 2069; x_wconf 91' lang='lat' dir='ltr'>illud</span> <span class='ocrx_word' id='word_1_252' title='bbox 290 2030 533 2070; x_wconf 90' lang='lat' dir='ltr'>Hesiodium</span> <span class='ocrx_word' id='word_1_253' title='bbox 567 2033 750 2071; x_wconf 87' lang='lat' dir='ltr'>laudatur</span> <span class='ocrx_word' id='word_1_254' title='bbox 779 2046 803 2070; x_wconf 89' lang='lat' dir='ltr'>a</span> <span class='ocrx_word' id='word_1_255' title='bbox 833 2032 971 2080; x_wconf 87' lang='lat' dir='ltr'>doctis,</span> <span class='ocrx_word' id='word_1_256' title='bbox 999 2033 1109 2083; x_wconf 91' lang='lat' dir='ltr'>quod</span> <span class='ocrx_word' id='word_1_257' title='bbox 1143 2033 1284 2071; x_wconf 89' lang='lat' dir='ltr'>eadem</span> <span class='ocrx_word' id='word_1_258' title='bbox 1316 2045 1501 2071; x_wconf 85' lang='lat' dir='ltr'>mensura</span> 
     </span>
     <span class='ocr_line' id='line_1_30' title="bbox 160 2095 1498 2148; baseline 0.001 -13"><span class='ocrx_word' id='word_1_259' title='bbox 160 2097 326 2136; x_wconf 88' lang='lat' dir='ltr'>reddere</span> <span class='ocrx_word' id='word_1_260' title='bbox 346 2095 456 2136; x_wconf 88' lang='lat' dir='ltr'>iubet</span> <span class='ocrx_word' id='word_1_261' title='bbox 472 2110 574 2147; x_wconf 90' lang='lat' dir='ltr'>quae</span> <span class='ocrx_word' id='word_1_262' title='bbox 589 2097 787 2148; x_wconf 88' lang='lat' dir='ltr'>acceperis</span> <span class='ocrx_word' id='word_1_263' title='bbox 807 2105 875 2136; x_wconf 92' lang='lat' dir='ltr'>aut</span> <span class='ocrx_word' id='word_1_264' title='bbox 890 2097 1009 2137; x_wconf 88' lang='lat' dir='ltr'>etiam</span> <span class='ocrx_word' id='word_1_265' title='bbox 1025 2097 1298 2146; x_wconf 86' lang='lat' dir='ltr'>cumulatiore,</span> <span class='ocrx_word' id='word_1_266' title='bbox 1311 2096 1343 2136; x_wconf 87' lang='lat' dir='ltr'>si</span> <span class='ocrx_word' id='word_1_267' title='bbox 1358 2097 1498 2148; x_wconf 89' lang='lat' dir='ltr'>possis.</span> 
     </span>
    </p>
   </div>
   <div class='ocr_carea' id='block_1_3' title="bbox 157 2200 1499 2452">
    <p class='ocr_par' dir='ltr' id='par_1_5' title="bbox 157 2200 1499 2452">
     <span class='ocr_line' id='line_1_31' title="bbox 208 2200 1499 2242; baseline 0.001 -10"><span class='ocrx_word' id='word_1_268' title='bbox 208 2211 246 2241; x_wconf 89' lang='lat'>15</span> <span class='ocrx_word' id='word_1_269' title='bbox 272 2201 358 2232; x_wconf 91' lang='lat' dir='ltr'>dicis</span> <span class='ocrx_word' id='word_1_270' title='bbox 378 2201 466 2242; x_wconf 83' lang='lat' dir='ltr'>vulg.</span> <span class='ocrx_word' id='word_1_271' title='bbox 484 2212 490 2231; x_wconf 92' lang='lat'><strong>:</strong></span> <span class='ocrx_word' id='word_1_272' title='bbox 526 2201 619 2232; x_wconf 87' lang='lat' dir='ltr'>dices</span> <span class='ocrx_word' id='word_1_273' title='bbox 636 2201 725 2233; x_wconf 87' lang='lat' dir='ltr'>codd.</span> <span class='ocrx_word' id='word_1_274' title='bbox 822 2202 862 2232; x_wconf 93' lang='lat'>16</span> <span class='ocrx_word' id='word_1_275' title='bbox 885 2212 996 2233; x_wconf 85' lang='lat' dir='ltr'>rerum</span> <span class='ocrx_word' id='word_1_276' title='bbox 1014 2200 1066 2233; x_wconf 89' lang='lat' dir='ltr'>L:</span> <span class='ocrx_word' id='word_1_277' title='bbox 1094 2212 1120 2233; x_wconf 82' lang='lat' dir='ltr'>r.</span> <span class='ocrx_word' id='word_1_278' title='bbox 1141 2202 1373 2233; x_wconf 84' lang='lat' dir='ltr'>Romanarum</span> <span class='ocrx_word' id='word_1_279' title='bbox 1386 2201 1499 2233; x_wconf 84' lang='lat' dir='ltr'>Bake:</span> 
     </span>
     <span class='ocr_line' id='line_1_32' title="bbox 159 2244 1497 2286; baseline 0 -10"><span class='ocrx_word' id='word_1_280' title='bbox 159 2256 185 2277; x_wconf 90' lang='lat' dir='ltr'>r.</span> <span class='ocrx_word' id='word_1_281' title='bbox 204 2250 398 2276; x_wconf 81' lang='lat' dir='ltr'>nostrarum</span> <span class='ocrx_word' id='word_1_282' title='bbox 412 2245 509 2283; x_wconf 82' lang='lat' dir='ltr'>Jahn</span> <span class='ocrx_word' id='word_1_283' title='bbox 597 2255 635 2285; x_wconf 91' lang='lat'>19</span> <span class='ocrx_word' id='word_1_284' title='bbox 659 2246 740 2276; x_wconf 87' lang='lat' dir='ltr'>mihi</span> <span class='ocrx_word' id='word_1_285' title='bbox 756 2246 894 2285; x_wconf 88' lang='lat' dir='ltr'>quidem</span> <span class='ocrx_word' id='word_1_286' title='bbox 911 2250 964 2277; x_wconf 85' lang='lat' dir='ltr'>est</span> <span class='ocrx_word' id='word_1_287' title='bbox 979 2245 1028 2276; x_wconf 87' lang='lat' dir='ltr'>F:</span> <span class='ocrx_word' id='word_1_288' title='bbox 1052 2245 1134 2276; x_wconf 87' lang='lat' dir='ltr'>mihi</span> <span class='ocrx_word' id='word_1_289' title='bbox 1150 2249 1202 2286; x_wconf 75' lang='lat' dir='ltr'>est</span> <span class='ocrx_word' id='word_1_290' title='bbox 1218 2245 1356 2286; x_wconf 87' lang='lat' dir='ltr'>quidem</span> <span class='ocrx_word' id='word_1_291' title='bbox 1375 2249 1428 2276; x_wconf 85' lang='lat' dir='ltr'>est</span> <span class='ocrx_word' id='word_1_292' title='bbox 1447 2244 1497 2276; x_wconf 90' lang='lat' dir='ltr'>G:</span> 
     </span>
     <span class='ocr_line' id='line_1_33' title="bbox 159 2288 1498 2330; baseline 0.001 -11"><span class='ocrx_word' id='word_1_293' title='bbox 159 2289 298 2329; x_wconf 86' lang='lat' dir='ltr'>quidem</span> <span class='ocrx_word' id='word_1_294' title='bbox 314 2289 396 2319; x_wconf 89' lang='lat' dir='ltr'>mihi</span> <span class='ocrx_word' id='word_1_295' title='bbox 409 2294 461 2320; x_wconf 88' lang='lat' dir='ltr'>est</span> <span class='ocrx_word' id='word_1_296' title='bbox 484 2288 628 2320; x_wconf 82' lang='lat' dir='ltr'>OB¹M:</span> <span class='ocrx_word' id='word_1_297' title='bbox 662 2289 800 2330; x_wconf 89' lang='lat' dir='ltr'>quidem</span> <span class='ocrx_word' id='word_1_298' title='bbox 826 2289 906 2320; x_wconf 88' lang='lat' dir='ltr'>mihi</span> <span class='ocrx_word' id='word_1_299' title='bbox 925 2288 985 2320; x_wconf 90' lang='lat' dir='ltr'>H:</span> <span class='ocrx_word' id='word_1_300' title='bbox 1009 2289 1090 2320; x_wconf 90' lang='lat' dir='ltr'>mihi</span> <span class='ocrx_word' id='word_1_301' title='bbox 1115 2289 1251 2330; x_wconf 89' lang='lat' dir='ltr'>quidem</span> <span class='ocrx_word' id='word_1_302' title='bbox 1276 2293 1345 2328; x_wconf 89' lang='lat' dir='ltr'>opt.</span> <span class='ocrx_word' id='word_1_303' title='bbox 1375 2289 1498 2321; x_wconf 85' lang='lat' dir='ltr'>estB:</span> 
     </span>
     <span class='ocr_line' id='line_1_34' title="bbox 159 2332 1496 2374; baseline -0.001 -10"><span class='ocrx_word' id='word_1_304' title='bbox 159 2333 250 2371; x_wconf 87' lang='lat' dir='ltr'>mihi,</span> <span class='ocrx_word' id='word_1_305' title='bbox 271 2333 393 2372; x_wconf 88' lang='lat' dir='ltr'>inquit,</span> <span class='ocrx_word' id='word_1_306' title='bbox 412 2337 464 2363; x_wconf 86' lang='lat' dir='ltr'>est</span> <span class='ocrx_word' id='word_1_307' title='bbox 480 2332 605 2374; x_wconf 86' lang='lat' dir='ltr'>Stangl</span> <span class='ocrx_word' id='word_1_308' title='bbox 719 2343 759 2364; x_wconf 83' lang='lat'>21</span> <span class='ocrx_word' id='word_1_309' title='bbox 786 2343 863 2366; x_wconf 88' lang='lat' dir='ltr'>esse</span> <span class='ocrx_word' id='word_1_310' title='bbox 881 2338 998 2374; x_wconf 88' lang='lat' dir='ltr'>posset</span> <span class='ocrx_word' id='word_1_311' title='bbox 1017 2332 1048 2363; x_wconf 88' lang='lat' dir='ltr'>O</span> <span class='ocrx_word' id='word_1_312' title='bbox 1160 2343 1201 2363; x_wconf 84' lang='lat'>22</span> <span class='ocrx_word' id='word_1_313' title='bbox 1225 2337 1258 2364; x_wconf 87' lang='lat' dir='ltr'>et</span> <span class='ocrx_word' id='word_1_314' title='bbox 1279 2342 1356 2363; x_wconf 90' lang='lat' dir='ltr'>eam</span> <span class='ocrx_word' id='word_1_315' title='bbox 1382 2332 1496 2364; x_wconf 85' lang='lat' dir='ltr'>attulit</span> 
     </span>
     <span class='ocr_line' id='line_1_35' title="bbox 159 2375 1496 2418; baseline 0.001 -11"><span class='ocrx_word' id='word_1_316' title='bbox 159 2375 298 2416; x_wconf 81' lang='lat' dir='ltr'>Mahly:</span> <span class='ocrx_word' id='word_1_317' title='bbox 321 2377 433 2408; x_wconf 86' lang='lat' dir='ltr'>attulit</span> <span class='ocrx_word' id='word_1_318' title='bbox 450 2380 484 2408; x_wconf 85' lang='lat' dir='ltr'>et</span> <span class='ocrx_word' id='word_1_319' title='bbox 501 2387 575 2408; x_wconf 90' lang='lat' dir='ltr'>eam</span> <span class='ocrx_word' id='word_1_320' title='bbox 597 2376 684 2409; x_wconf 82' lang='lat' dir='ltr'>Gud.</span> <span class='ocrx_word' id='word_1_321' title='bbox 704 2378 747 2418; x_wconf 87' lang='lat'>38</span> <span class='ocrx_word' id='word_1_322' title='bbox 893 2387 934 2417; x_wconf 83' lang='lat'>24</span> <span class='ocrx_word' id='word_1_323' title='bbox 958 2387 1046 2418; x_wconf 87' lang='lat' dir='ltr'>quae</span> <span class='ocrx_word' id='word_1_324' title='bbox 1061 2375 1254 2408; x_wconf 80' lang='lat' dir='ltr'>Eberhard:</span> <span class='ocrx_word' id='word_1_325' title='bbox 1277 2386 1343 2417; x_wconf 89' lang='lat' dir='ltr'>qua</span> <span class='ocrx_word' id='word_1_326' title='bbox 1360 2377 1405 2408; x_wconf 82' lang='lat' dir='ltr'>L:</span> <span class='ocrx_word' id='word_1_327' title='bbox 1428 2386 1496 2417; x_wconf 89' lang='lat' dir='ltr'>quo</span> 
     </span>
     <span class='ocr_line' id='line_1_36' title="bbox 157 2419 372 2452; baseline 0 0"><span class='ocrx_word' id='word_1_328' title='bbox 157 2419 262 2452; x_wconf 71' lang='lat' dir='ltr'>B&#39;H¹</span> <span class='ocrx_word' id='word_1_329' title='bbox 280 2423 372 2452; x_wconf 81' lang='lat' dir='ltr'>vetus</span> 
     </span>
    </p>
   </div>
  </div>
 </body>
</html>
