1630 2730
125 156 235 198 2391
522 149 579 187 M.
611 149 781 187 TVLLI
812 148 1131 189 CICERONIS·

194 269 348 302 oratore
362 262 490 302 Galba
509 262 592 311 fuit,
608 275 677 302 cur
696 275 742 302 ea
762 263 870 301 nulla
889 261 930 300 in
950 261 1196 301 orationibus
1211 259 1296 300 eius
1315 260 1554 311 appareat&-v
1592 271 1596 274 ’

195 329 305 378 quod
339 328 469 367 mirari
507 341 590 367 non
620 341 784 379 possum
815 327 857 366 in
885 328 941 367 eis
971 327 1040 378 qui
1068 327 1167 365 nihil
1196 326 1363 366 omnino
1396 323 1531 376 scripti

124 405 176 442 24
195 394 447 444 reliquerunt.
507 396 594 434 Nec
623 394 730 433 enim
760 401 818 434 est
852 395 1004 440 eadem,
1036 393 1210 444 inquam,
1244 394 1375 439 Brute,
1411 404 1530 430 causa

102 502 107 517 x
194 473 276 498 non
306 459 506 499 scribendi
535 467 574 498 et
603 473 684 499 non
714 466 795 498 tam
826 459 930 498 bene
963 458 1163 497 scribendi
1196 470 1316 508 quam
1347 456 1527 496 dixerint.

20 520 116 582 235*
194 527 300 563 Nam
338 525 519 564 videmus
556 525 654 564 alios
693 533 866 564 oratores
904 524 1044 563 inertia
1087 523 1186 562 nihil
1227 521 1439 573 scripsisse,
1479 535 1531 561 ne
1550 543 1568 575 5

0 573 29 627 d.
193 590 436 629 domesticus
465 590 584 630 etiam
613 591 726 629 labor
750 591 957 629 accederet
985 591 1036 629 ad
1065 588 1531 639 forensem—pleraeque

194 655 301 694 enim
322 656 546 695 scribuntur
565 655 762 695 orationes
783 655 942 694 habitae
962 655 1051 702 iam,
1070 668 1152 694 non
1167 662 1211 693 ut
1231 654 1531 701 habeantur—5

134 735 176 767 92
193 720 291 760 alios
311 735 394 760 non
413 722 602 768 laborare,
624 728 667 759 ut
687 719 869 759 meliores
889 721 1149 759 fiant—nulla
1168 718 1274 758 enim
1295 731 1355 757 res
1375 725 1530 756 tantum

192 788 244 826 ad
260 786 477 825 dicendum
493 785 649 836 proficit
664 793 858 836 quantum
874 784 1089 836 scriptio—
1104 799 1111 823 :
1143 783 1375 823 memoriam
1394 790 1529 822 autem

193 851 232 890 in
254 859 457 902 posterum
483 851 616 902 ingeni
643 850 702 889 sui
722 864 804 889 non
830 850 1071 898 desiderant,
1091 863 1182 889 cum
1207 863 1249 888 se
1275 856 1416 900 putant
1435 848 1528 888 satis
1551 868 1591 892 10

193 930 377 968 magnam
405 918 574 967 adeptos
602 930 688 955 esse
717 915 879 955 dicendi
906 915 1070 966 gloriam
1105 928 1274 965 eamque
1303 914 1422 954 etiam
1451 927 1531 953 ma-

192 982 316 1021 iorem
345 982 472 1020 visum
503 981 558 1029 iri,
582 982 614 1020 si
642 981 684 1020 in
713 980 1022 1020 existimantium
1051 980 1257 1019 arbitrium
1287 993 1358 1019 sua
1386 979 1530 1030 scripta

193 1061 274 1086 non
306 1047 508 1095 venerint3
547 1047 656 1094 alios,
693 1048 803 1098 quod
837 1046 979 1085 melius
1009 1053 1150 1097 putent
1181 1045 1313 1085 dicere
1342 1059 1384 1085 se
1412 1059 1530 1096 posse

192 1127 312 1164 quam
342 1113 522 1160 scribere,
554 1114 664 1164 quod
695 1112 980 1163 peringeniosis
1010 1111 1241 1151 hominibus
1274 1125 1407 1162 neque
1436 1111 1530 1150 satis

130 1192 172 1224 93
193 1179 321 1219 doctis
341 1180 576 1229 plerumque
596 1178 800 1229 contingit,
824 1185 867 1216 ut
893 1177 967 1228 ipsi
989 1178 1152 1217 Galbae.
1212 1178 1344 1226 Quem
1365 1178 1530 1216 fortasse
1553 1197 1590 1230 ¹5

192 1245 249 1284 vis
276 1258 357 1283 non
387 1244 521 1295 ingeni
547 1245 676 1283 solum
704 1245 775 1283 sed
801 1243 920 1284 etiam
940 1243 1062 1282 animi
1089 1251 1127 1282 et
1157 1243 1344 1282 naturalis
1364 1242 1528 1294 quidam

192 1312 306 1350 dolor
335 1310 536 1349 dicentem
570 1309 810 1349 incendebat
839 1309 1115 1359 efficiebatque
1149 1316 1192 1348 ut
1222 1316 1262 1348 et
1294 1308 1458 1348 incitata
1489 1315 1529 1348 et

190 1376 317 1427 gravis
346 1384 386 1415 et
413 1377 628 1415 vehemens
657 1382 760 1414 esset
788 1375 914 1414 oratio
928 1390 939 1424 ς
966 1375 1060 1414 dein
1093 1388 1185 1414 cum
1215 1373 1366 1414 otiosus
1395 1373 1528 1413 stilum

192 1443 401 1492 prenderat
421 1449 634 1492 motusque
653 1440 783 1480 omnis
802 1440 925 1480 animi
941 1449 1144 1491 tamquam
1159 1448 1302 1479 ventus
1321 1439 1528 1479 hominem

4 1519 34 1561 J
191 1509 399 1555 defecerat,
418 1507 679 1546 flaccescebat
694 1507 830 1546 oratio.
874 1508 997 1556 Quod
1017 1507 1073 1546 eis
1093 1506 1161 1557 qui
1176 1506 1349 1545 limatius
1365 1505 1527 1545 dicendi
1549 1525 1590 1549 ιο

23 1575 26 1580 “
190 1581 470 1612 consectantur
512 1586 637 1623 genus
673 1572 855 1611 accidere
896 1586 978 1611 non
1022 1574 1132 1620 solet,
1172 1580 1380 1623 propterea
1417 1572 1528 1622 quod

191 1639 402 1689 prudentia
427 1652 648 1689 numquam
669 1638 805 1677 deficit
824 1645 1032 1685 oratorem,
1055 1652 1134 1689 qua
1153 1638 1218 1677 ille
1244 1645 1360 1677 utens
1383 1638 1528 1677 eodem

192 1706 315 1743 modo
361 1703 486 1754 possit
532 1711 572 1743 et
615 1702 747 1743 dicere
795 1711 833 1742 et
877 1703 1048 1743 scribere
1062 1718 1071 1752 ;
1122 1704 1239 1743 ardor
1278 1703 1402 1742 animi
1445 1716 1528 1742 non

190 1783 347 1820 semper
374 1771 501 1818 adest,
530 1769 642 1820 isque
673 1783 765 1808 cum
794 1769 987 1818 consedit,
1014 1769 1144 1808 omnis
1170 1769 1236 1808 illa
1263 1769 1321 1808 vis
1350 1776 1389 1808 et
1415 1767 1528 1820 quasi

129 1849 172 1881 94
191 1837 351 1874 flamma
376 1835 540 1874 oratoris
558 1834 827 1886 exstinguitur.
886 1837 1007 1874 Hanc
1031 1834 1148 1886 igitur
1166 1835 1220 1874 ob
1243 1848 1403 1874 causam
1422 1834 1528 1874 vide·
1548 1852 1588 1885 25

192 1909 253 1940 tur
280 1901 389 1939 Laeli
418 1914 530 1940 mens
557 1901 703 1951 spirare
730 1901 849 1940 etiam
879 1900 920 1940 in
948 1900 1113 1951 scriptis,
1136 1900 1289 1940 Galbae
1316 1908 1450 1940 autem
1470 1900 1528 1940 vis

192 1965 397 2005 occidisse.

123 2047 174 2087 25
248 2034 423 2070 Fuerunt
453 2031 572 2070 etiam
604 2031 644 2070 in
678 2039 878 2072 oratorum
916 2045 1083 2072 numero
1120 2031 1381 2071 mediocrium
1413 2033 1458 2071 L.
1489 2038 1529 2071 et

192 2099 256 2148 Sp.
288 2097 475 2135 Mummii
505 2097 651 2145 fratres,
682 2111 852 2148 quorum
881 2105 1034 2137 exstant
1061 2097 1271 2137 amborum
1304 2096 1528 2147 orationes;

190 2162 358 2213 simplex
386 2162 550 2213 quidem
579 2162 727 2202 Lucius
756 2171 795 2203 et
821 2163 1020 2214 antiquus,
1051 2162 1215 2214 Spurius
1239 2170 1374 2202 autem
1399 2162 1525 2202 nihilo
1544 2179 1585 2211 30

192 2228 256 2267 ille
277 2228 438 2278 quidem
461 2228 644 2276 ornatior,
667 2230 738 2268 sed
758 2236 892 2268 tamen
910 2228 1128 2277 astrictior;
1157 2228 1230 2267 fuit
1255 2228 1362 2268 enirn
1382 2229 1525 2269 doctus

192 2304 240 2329 ex
260 2290 469 2341 disciplina
488 2291 723 2330 Stoicorum.
784 2293 938 2332 Multae
958 2299 1050 2331 sunt
1069 2293 1134 2342 Sp.
1157 2291 1295 2331 Albini
1314 2292 1524 2332 orationes.

241 2405 255 2426 1
282 2399 446 2435 appareat
462 2394 652 2426 Lambinus
667 2407 674 2427 :
697 2400 840 2436 apparet
857 2394 887 2426 L
978 2397 1009 2438 6,
1031 2406 1049 2436 7
1073 2395 1259 2436 pleraeque
1271 2419 1279 2427 .
1293 2421 1302 2428 .
1315 2420 1323 2428 .
1336 2395 1528 2429 habeantur

193 2439 263 2471 secl.
288 2438 414 2480 Stangl
515 2449 558 2471 20
581 2440 632 2471 eis
648 2438 677 2469 L
694 2451 701 2471 :
724 2441 753 2471 is
772 2439 823 2472 G:
846 2440 900 2472 his
915 2440 949 2472 F
1053 2449 1096 2480 32
1119 2451 1164 2471 ex
1180 2441 1211 2472 d.
1230 2440 1340 2482 vulg:
1363 2445 1398 2472 et
1414 2441 1446 2472 d.
1463 2440 1494 2472 L
