1696 2730
138 163 186 202 19
205 158 246 199 ⁶5
543 153 602 192 M.
632 154 803 192 TVLLI
833 154 1144 194 CICERONIS

200 265 327 316 agitur
370 265 579 316 quaeritur,
619 267 701 306 duo
743 275 835 306 sunt
874 265 1077 321 [genera]:
1126 281 1295 318 quorum
1339 265 1381 305 in
1418 267 1541 307 altero
1579 319 1582 322 .

200 330 485 381 disputandum
515 340 574 371 est
601 332 710 372 aliud
738 347 790 372 an
818 332 926 372 idem
955 333 1015 382 sit,
1037 341 1080 372 ut
1108 332 1324 384 pertinacia
1353 330 1424 386 [et]
1459 346 1543 384 per-

199 396 418 436 severantia
434 412 445 446 3
486 397 527 436 in
546 399 670 437 altero
702 406 835 438 autem
867 398 1079 449 descriptio
1109 397 1262 449 generis
1299 397 1465 437 alicuius
1503 405 1542 438 et

200 461 313 512 quasi
342 462 473 514 imago
504 470 563 502 est
594 463 861 514 exprimenda,
892 453 935 503 ut
964 464 1091 515 qualis
1122 464 1172 503 sit
1203 477 1342 503 avarus
1372 471 1440 503 aut
1474 462 1543 515 qui

139 534 180 566 66
199 527 248 567 sit
282 528 486 578 superbus.
544 529 681 569 Tertio
714 537 847 569 autem
878 529 919 569 in
951 543 1106 580 genere,
1141 529 1182 569 in
1220 543 1301 581 quo
1339 531 1456 581 quale
1493 529 1578 574 sit5

200 593 410 644 quaeritur,
431 601 499 633 aut
518 596 569 634 de
589 595 797 634 honestate
824 602 892 634 aut
918 597 969 635 de
996 595 1163 635 utilitate
1186 602 1254 634 aut
1273 596 1324 634 de
1343 594 1543 646 aequitate

200 658 418 698 dicendum
449 667 521 699 est.
579 661 642 699 De
675 662 883 700 honestate
917 660 984 709 sic,
1015 668 1058 700 ut
1088 662 1355 700 honestumne
1389 660 1438 700 sit
1471 674 1542 711 pro

199 724 329 764 amieo
356 725 576 776 periculum
605 734 674 765 aut
701 726 890 766 invidiam
917 726 1060 766 subire.
1120 729 1183 765 De
1208 726 1376 766 utilitate
1408 733 1543 765 autem

200 790 266 838 sic,
290 799 332 830 ut
352 791 454 830 sitne
483 792 578 831 utile
604 791 645 830 in
671 806 712 831 re
741 791 902 843 publica
929 792 1244 832 administranda
1266 791 1420 831 versari.
1480 793 1543 831 De

198 856 398 907 aequitate
416 865 550 896 autem
572 857 638 906 sic,
662 865 704 896 ut
730 858 832 896 sitne
858 871 1031 908 aequum
1060 857 1211 897 amicos
1237 857 1415 909 cognatis
1438 864 1545 896 ante·
1563 868 1603 891 10

199 924 308 962 ferre.
367 925 501 974 Atque
522 923 562 961 in
582 924 660 962 hoc
687 925 830 963 eodem
859 937 1012 974 genere,
1035 922 1076 962 in
1103 937 1183 974 quo
1210 925 1327 974 quale
1353 923 1403 963 sit
1428 937 1546 975 quae-

200 987 305 1036 ritur,
327 988 499 1027 exoritur
517 988 626 1028 aliud
646 990 851 1039 quoddam
872 988 1103 1040 disputandi
1122 1003 1258 1040 genus.
1318 991 1412 1029 Non
1437 989 1543 1029 enim

200 1050 430 1100 simpliciter
459 1052 588 1090 solum
618 1051 819 1102 quaeritur
847 1051 944 1102 quid
974 1052 1187 1091 honestum
1216 1051 1276 1101 sit,
1308 1051 1405 1104 quid
1435 1051 1541 1100 utile,

200 1115 298 1167 quid
331 1129 514 1166 aequum,
542 1117 613 1155 sed
642 1116 761 1155 etiam
791 1131 839 1156 ex
867 1117 1164 1167 comparatione
1197 1116 1295 1168 quid
1326 1117 1542 1166 honestius,

200 1179 297 1229 quid
317 1178 461 1226 utilius,
485 1179 581 1230 quid
600 1179 776 1230 aequius,
799 1187 919 1230 atque
939 1179 1058 1219 etiam
1085 1179 1183 1231 quid
1206 1179 1544 1229 honestissimum,
1565 1199 1603 1233 15

200 1244 298 1295 quid
336 1244 603 1294 utilissimum,
641 1244 738 1295 quid
776 1245 1086 1296 aequissimum;
1133 1245 1245 1284 cuius
1288 1244 1442 1297 generis
1479 1245 1546 1284 illa

201 1318 304 1358 sunt,
340 1323 442 1361 quae
480 1310 817 1361 praestantissima
855 1310 904 1350 sit
942 1310 1113 1362 dignitas
1151 1311 1265 1350 vitae.
1323 1312 1458 1361 Atque
1499 1324 1546 1350 ea

139 1378 182 1421 67
201 1375 364 1426 quidem
403 1389 505 1426 quae
543 1375 624 1415 dixi
663 1375 901 1427 cognitionis
945 1383 1036 1415 sunt
1074 1376 1219 1416 omnia.
1279 1378 1448 1415 Restant
1485 1390 1546 1416 ac-

138 1988 179 2018 68

201 1437 343 1477 tionis:
391 1438 503 1477 cuius
541 1440 707 1477 alterum
746 1446 806 1477 est
853 1438 1123 1489 praecipiendi
1160 1452 1298 1489 genus,
1337 1439 1447 1489 quod
1493 1439 1545 1478 ad

199 1500 393 1539 rationem
423 1500 528 1540 offici
556 1500 737 1551 pertinet,
770 1508 813 1540 ut
846 1515 965 1552 quem
995 1502 1048 1540 ad
1077 1502 1243 1540 modum
1277 1500 1355 1540 sint
1386 1500 1546 1540 colendi
1566 1513 1607 1536 20

200 1571 408 1614 parentes,
436 1565 603 1602 alterum
632 1571 766 1602 autem
795 1565 847 1603 ad
876 1564 1076 1603 sedandos
1107 1563 1263 1603 animos
1298 1571 1337 1603 et
1368 1563 1546 1603 oratione

199 1626 413 1675 sanandos,
443 1633 487 1664 ut
520 1626 560 1664 in
598 1626 854 1665 consolandis
893 1626 1148 1674 maeroribus,
1184 1634 1228 1666 ut
1265 1626 1306 1665 in
1343 1626 1548 1666 iracundia

199 1688 502 1739 comprimenda
531 1696 599 1728 aut
632 1689 673 1727 in
704 1689 846 1728 timore
877 1689 1119 1728 deleniendo
1152 1697 1220 1728 aut
1250 1688 1290 1728 in
1330 1689 1547 1741 cupiditate

200 1754 430 1794 minuenda.
488 1754 565 1795 Cui
594 1754 758 1806 quidem
791 1754 925 1806 generi
954 1754 1195 1794 contrarium
1225 1762 1284 1794 est
1315 1754 1546 1805 disputandi

198 1834 322 1871 genus
352 1822 403 1859 ad
432 1821 596 1859 eosdem
624 1820 712 1860 illos
741 1820 864 1859 animi
894 1827 1035 1868 motus,
1059 1821 1169 1871 quod
1197 1819 1238 1859 in
1264 1820 1545 1871 amplificanda
1566 1834 1606 1867 ²5

153 1885 378 1963 0oratione
398 1899 516 1936 saepe
536 1885 763 1925 faciendum
784 1893 854 1934 est,
873 1887 934 1924 vel
954 1885 1174 1936 gignendos
1193 1886 1256 1925 vel
1271 1884 1543 1926 concitandos.

153 1937 334 2001 0Atque
363 1952 462 1990 haec
491 1952 571 1990 fere
600 1959 659 1990 est
687 1951 846 2002 partitio
873 1950 1222 1990 consultationum.
1283 1951 1327 1991 C
1351 1951 1544 2002 Cognovi,

199 2018 270 2056 sed
300 2030 402 2067 quae
431 2016 481 2054 sit
510 2016 607 2055 ratio
637 2016 677 2055 in
706 2016 766 2055 his
796 2016 1026 2055 inveniendi
1052 2024 1091 2056 et
1117 2015 1357 2068 disponendi
1376 2015 1543 2066 requiro.

201 2084 241 2120 P.
285 2081 408 2131 Quid,
447 2089 488 2120 tu
531 2081 702 2120 aliamne
741 2095 879 2121 censes
916 2095 963 2121 ac
1009 2095 1092 2121 non
1139 2083 1308 2121 eandem
1347 2095 1449 2132 quae
1487 2089 1546 2121 est

199 2147 387 2198 exposita,
409 2155 452 2186 ut
486 2161 533 2186 ex
564 2147 715 2187 eisdem
747 2147 845 2187 locis
875 2148 927 2187 ad
957 2149 1077 2187 fidem
1107 2155 1146 2187 et
1174 2149 1226 2187 ad
1259 2147 1544 2187 inveniendum
1564 2165 1607 2197 30

200 2215 396 2253 ducantur
424 2212 591 2252 omnia?
648 2212 899 2253 Conlocandi
925 2220 1059 2252 autem
1086 2226 1189 2264 quae
1217 2220 1276 2252 est
1304 2211 1482 2286 exposita
1504 2212 1544 2251 in

200 2279 286 2318 aliis
306 2278 416 2327 ratio,
439 2279 580 2318 eadem
602 2280 681 2318 huc
702 2279 965 2318 transferetur.

250 2392 262 2411 1
289 2393 416 2422 genera
431 2383 499 2414 secl.
519 2382 683 2414 Friedrich
773 2393 793 2413 2
817 2386 852 2414 et
867 2393 933 2414 om.
955 2381 987 2413 P
1071 2393 1116 2424 29
1139 2382 1267 2423 quidne
1283 2381 1316 2413 P
1384 2386 1419 2414 tu
1438 2392 1504 2414 om.
1517 2381 1552 2413 P

203 2436 242 2457 ae
262 2436 330 2457 non
347 2425 510 2458 Stroebel:
534 2437 651 2458 annon
668 2426 701 2458 P
717 2438 724 2458 :
748 2431 782 2458 et
798 2437 867 2458 non
884 2426 973 2458 codd.
