1696 2730
677 144 915 185 ORATOR
1411 143 1464 182 28
1481 157 1525 194 97

133 264 302 305 omnes,⁴
315 263 435 302 quam
464 249 760 297 admirarentur,
793 262 914 300 quam
947 261 990 287 se
1026 246 1193 299 adsequi
1223 261 1340 299 posse
1368 247 1466 286 diffi-

133 317 302 367 derent&
342 315 475 354 Huius
494 314 744 366 eloquentiae
763 321 822 353 est
844 321 1009 353 tractare
1030 312 1196 361 animos,
1219 312 1335 351 huius
1355 312 1466 351 omni

134 382 258 420 modo
275 393 515 431 permovere.
573 381 690 419 Haec
718 380 841 419 modo
868 378 1080 430 perfringit,
1103 379 1226 418 modo
1253 377 1397 428 inrepit
1425 377 1466 416 in

133 459 296 494 sensus;
318 445 453 484 inserit
472 458 595 484 novas
614 445 834 495 opiniones,
856 444 986 484 evellit
1005 443 1152 483 insitas.
1197 444 1277 483 Sed
1297 444 1466 482 multum
1483 441 1524 482 98

97 523 116 555 5
134 510 295 550 interest
320 509 421 549 inter
445 511 523 549 hoc
546 509 707 552 dicendi
734 523 859 560 genus
885 517 924 548 et
950 508 1160 560 superiora.
1220 508 1301 558 Qui
1329 508 1371 546 in
1399 507 1468 547 illo

134 575 270 615 subtili
295 583 334 614 et
361 583 479 615 acuto
505 574 720 614 elaboravit
738 582 782 614 ut
807 574 949 614 callide
977 582 1192 625 arguteque
1211 573 1371 621 diceret,
1393 587 1468 612 nec

134 639 347 692 quicquam
376 640 493 679 altius
519 639 715 691 cogitavit,
736 641 814 679 hoc
840 653 922 678 uno
947 640 1122 691 perfecto
1143 652 1309 689 magnus
1338 645 1469 678 orator

134 713 204 754 est,
225 712 263 744 et
279 706 311 745 si
330 719 412 745 non
436 705 630 744 maximus
643 720 654 754 3
683 705 926 755 minimeque
947 704 988 743 in
1007 704 1160 744 lubrico
1180 703 1398 743 versabitur
1417 711 1467 751 et,

134 772 168 811 si
196 773 319 811 semel
347 771 576 819 constiterit,
604 784 822 822 numquam
853 772 980 810 cadet.
1039 769 1201 809 Medius
1229 769 1295 808 ille
1322 777 1466 816 autem,

78 852 117 876 10
135 851 255 889 quem
285 837 489 876 modicum
517 844 556 876 et
584 843 846 887 temperatum
871 849 984 885 voco,
1015 835 1047 874 si
1075 836 1197 874 modo
1226 848 1342 873 suum
1371 834 1469 873 illud

135 902 228 943 satis
254 901 486 950 instruxerit,
507 915 590 941 non
619 901 847 941 extimescet
874 900 1067 952 ancipites
1095 900 1256 940 dicendi
1284 900 1470 939 incertos-

135 981 214 1019 que
241 981 380 1016 casus;
409 966 527 1006 etiam
557 966 589 1006 si
618 967 781 1017 quando
809 965 940 1005 minus
969 966 1167 1013 succedet,
1193 973 1237 1004 ut
1265 978 1383 1015 saepe
1411 965 1466 1012 fit,

135 1046 323 1084 magnum
357 1040 490 1071 tamen
520 1031 739 1083 periculum
772 1045 854 1071 non
886 1031 1038 1070 adibit:
1076 1032 1155 1070 alte
1187 1029 1293 1069 enim
1327 1031 1468 1069 cadere

135 1112 218 1138 non
237 1105 379 1149 potest.
436 1099 490 1136 At
509 1111 602 1137 vero
624 1097 689 1136 hic
715 1104 858 1144 noster,
880 1110 998 1147 quem
1029 1095 1246 1146 principem
1268 1095 1464 1146 ponimus,
1484 1104 1528 1137 99

83 1181 118 1213 ¹5
134 1162 260 1215 gravis
290 1176 381 1202 acer
408 1163 562 1209 ardens,
590 1162 623 1201 si
650 1163 702 1201 ad
731 1163 809 1201 hoc
837 1175 961 1200 unum
991 1169 1050 1200 est
1078 1169 1194 1200 natus
1223 1168 1290 1199 aut
1320 1160 1361 1198 in
1391 1162 1469 1200 hoc

135 1230 222 1268 solo
259 1242 302 1268 se
338 1227 511 1267 exercuit
547 1235 615 1266 aut
651 1227 745 1266 huic
781 1226 914 1278 generi
952 1226 1102 1265 studuit
1139 1225 1207 1264 uni
1244 1239 1319 1265 nec
1357 1239 1469 1264 suam

136 1293 293 1345 copiam
319 1300 409 1332 cum
434 1292 509 1332 illis
535 1293 693 1332 duobus
718 1291 929 1342 generibus
957 1291 1200 1341 temperavit,
1221 1290 1391 1330 maxime
1411 1298 1470 1329 est

136 1359 465 1398 contemnendus.
516 1360 589 1397 Ille
612 1357 718 1397 enirn
738 1356 983 1404 summissus,
1005 1357 1115 1407 quod
1134 1363 1249 1395 acute
1268 1363 1307 1395 et
1326 1364 1471 1395 vetera-

136 1423 236 1463 torie
263 1423 370 1472 dicit,
399 1423 555 1475 sapiens
578 1423 668 1472 iam,
691 1422 847 1462 medius
870 1422 1011 1470 suavis,
1033 1421 1098 1461 hic
1122 1429 1255 1461 autem
1285 1421 1471 1472 copiosis-

7 1491 39 1548 „25
80 1505 122 1528 πο
138 1489 271 1538 simus,
299 1489 332 1528 si
360 1488 458 1527 nihil
485 1488 594 1528 aliud
623 1495 691 1535 est,
713 1487 777 1526 vix
805 1487 898 1526 satis
926 1500 1045 1526 sanus
1067 1486 1191 1526 videri
1219 1488 1329 1526 solet.
1389 1486 1471 1536 Qui

9 1546 38 1583 ¹³³}
138 1554 245 1594 enirn
270 1553 369 1592 nihil
394 1561 526 1604 potest
553 1552 773 1604 tranquille,
794 1552 893 1591 nihil
921 1552 1071 1600 leniter,
1093 1551 1191 1590 nihil
1217 1551 1358 1602 partite
1377 1553 1472 1591 defi-

138 1619 220 1658 nite
248 1618 434 1658 distincte
461 1620 588 1657 facete
616 1618 760 1666 dicere,
779 1617 1007 1668 praesertim
1037 1631 1129 1656 cum
1158 1630 1299 1656 causae
1328 1615 1470 1667 partim

137 1691 245 1723 totae
275 1683 353 1723 sint
382 1697 432 1723 eo
466 1684 588 1723 modo
620 1683 762 1734 partim
794 1682 928 1733 aliqua
957 1695 1004 1721 ex
1036 1690 1147 1733 parte
1179 1683 1406 1720 tractandae
1439 1681 1471 1720 si

138 1749 170 1788 is
203 1762 284 1788 non
317 1748 555 1800 praeparatis
584 1747 744 1787 auribus
776 1747 1021 1786 inflammare
1058 1761 1141 1786 rem
1172 1746 1314 1797 coepit,
1345 1747 1472 1785 furere

82 1828 121 1861 25
137 1815 246 1865 apud
290 1827 408 1853 sanos
451 1821 490 1853 et
531 1813 643 1864 quasi
690 1813 790 1852 inter
836 1812 989 1852 sobrios
1026 1811 1211 1852 bacchari
1246 1811 1472 1850 vinulentus

137 1879 302 1919 videtur.

191 1946 395 1984 Tenemus
432 1943 559 1995 igitur,
595 1945 726 1991 Brute,
767 1957 886 1994 quem
925 1942 1164 1994 quaerimus,
1200 1942 1272 1982 sed
1308 1941 1444 1981 animo
1460 1957 1471 1991 3
1493 1961 1555 1983 100

139 2022 231 2048 nam
258 2023 378 2048 manu
404 2009 436 2048 si
459 2008 769 2060 prehendissem‚
791 2022 842 2047 ne
868 2008 952 2059 ipse
978 2007 1140 2059 quidem
1166 2021 1238 2046 sua
1260 2014 1369 2046 tanta
1394 2008 1472 2046 elo-

139 2074 301 2125 quentia
329 2074 427 2113 mihi
454 2073 710 2125 persuasisset
735 2081 778 2112 ut
804 2087 846 2112 se
871 2072 1121 2112 dimitterem.
1179 2073 1258 2112 Sed
1286 2071 1470 2112 inventus
1488 2082 1543 2121 29

186 2188 202 2209 1
226 2188 346 2210 omnes
362 2188 428 2209 om.
444 2177 478 2208 A
613 2187 631 2217 7
656 2177 816 2217 cogitavit
831 2175 1039 2218 Heerdegen:
1070 2177 1234 2216 cogitaret
1248 2174 1279 2206 L
1294 2186 1302 2207 :
1325 2185 1389 2207 nec
1407 2199 1414 2207 .
1430 2199 1438 2208 .
1458 2199 1466 2208 .

140 2222 302 2262 cogitaret
325 2232 393 2254 om.
419 2221 453 2252 A
599 2221 620 2251 8
643 2221 707 2253 etsi
727 2221 843 2259 Jahn:
868 2220 897 2251 si
921 2220 1010 2251 AL:
1035 2220 1096 2251 sed
1120 2219 1284 2251 Friedrich
1431 2230 1468 2252 11

141 2263 380 2297 extimescitL
525 2275 563 2305 13
586 2264 655 2296 alte
681 2264 739 2295 A:
771 2263 870 2295 aliter
895 2263 924 2293 L
1059 2265 1099 2294 16
1121 2264 1236 2295 studet
1266 2263 1293 2294 L
1431 2274 1470 2303 17

140 2309 323 2348 generibus
338 2319 404 2341 om.
428 2307 462 2339 A
572 2319 610 2348 ¹9
635 2309 699 2340 iarn
716 2306 783 2338 AL
799 2319 806 2338 :
831 2311 943 2338 tamen
961 2306 1088 2348 Stangl
1182 2317 1223 2337 22
1248 2306 1335 2338 facte
1352 2307 1473 2338 maluit

139 2350 264 2394 Stangl
403 2362 445 2391 24
478 2352 631 2393 coeperit
661 2351 787 2390 Stangl
814 2362 889 2382 cum
918 2350 1021 2382 codice
1050 2361 1085 2381 m
1237 2351 1280 2381 26
1302 2350 1471 2382 videbitur

143 2396 264 2427 maluit
282 2395 412 2427 H.-Ste
433 2396 545 2427 banus
730 2395 772 2426 28
797 2405 873 2426 nam
897 2393 952 2428 A:
978 2404 1046 2425 non
1070 2392 1124 2425 L:
1147 2393 1234 2426 unde
1259 2404 1327 2425 non
1355 2404 1466 2435 manu,

0 2443 7 2557 t
140 2449 218 2471 narn
235 2449 336 2471 manu
353 2439 382 2471 si
433 2440 498 2471 lotz
