1630 2730
670 156 888 197 BRVTVS
1395 159 1449 197 62
1470 176 1486 197 2
1494 175 1508 197 2
1515 177 1534 207 4

116 272 250 305 autem
269 272 359 317 post
379 272 492 305 natos
515 266 698 306 homines
722 267 1038 318 improbissimus
1059 270 1103 309 C.
1126 269 1310 308 Servilius
1332 271 1450 309 Glau-

117 330 188 378 cia,
210 332 281 370 sed
301 339 510 382 peracutus
535 339 575 372 et
598 332 764 372 callidus
787 346 880 372 cum
906 333 1122 384 primisque
1148 334 1348 374 ridiculus.
1408 337 1448 374 Is

118 409 165 435 ex
183 396 348 435 summis
368 404 407 436 et
429 398 610 437 fortunae
636 405 676 437 et
700 397 804 437 vitae
827 398 1011 438 sordibus
1035 399 1076 438 in
1102 407 1283 450 praetura
1309 402 1449 440 consul

117 462 242 500 faetus
262 468 375 509 esset,
397 462 430 500 si
458 462 652 502 rationem
678 463 762 503 eius
787 463 923 502 haberi
945 464 1063 504 licere
1087 464 1306 504 iudicatum
1332 474 1446 505 esset.

79 536 97 568 5
118 527 223 565 Nam
257 534 296 566 et
328 528 487 578 plebem
518 528 679 567 tenebat
710 537 749 568 et
782 536 1005 580 equestrem
1038 530 1218 570 ordinem
1252 531 1448 571 beneficio

115 590 211 642 legis
248 591 485 632 devinxerat.
512 603 521 610 ·
545 594 585 632 Is
622 600 778 645 praetor
813 594 958 634 eodem
995 595 1061 634 die
1098 609 1179 647 quo
1217 597 1450 636 Saturninus

116 655 296 695 tribunus
333 657 460 708 plebis
500 658 630 698 Mario
667 667 706 698 et
745 660 888 699 Flacco
926 661 1156 700 consulibus
1193 662 1353 712 publice
1391 669 1450 701 est

115 720 342 761 interfectus
356 737 367 770 3
395 724 518 762 homo
548 723 770 763 simillimus
796 725 1052 765 Atheniensis
1080 727 1314 778 Hyperboli‚
1337 727 1448 766 cuius

116 785 410 836 improbitatem
455 795 606 828 veteres
650 789 874 829 Atticorum
921 791 1154 831 comoediae
1200 800 1446 832 notaverunt.

53 862 100 889 ,ιο
118 851 232 900 Quos
262 854 347 892 Sex.
370 852 499 892 Titius
524 862 761 894 consecutus
781 860 838 894 est
853 857 976 895 homo
999 857 1145 907 loquax
1171 871 1266 897 sane
1293 864 1332 897 et
1355 857 1448 897 satis
1469 874 1507 896 22
1514 873 1531 906 5

116 924 267 964 acutus,
308 919 378 956 sed
417 925 497 957 tam
535 921 687 958 solutus
726 927 765 959 et
802 921 932 960 mollis
970 921 1011 960 in
1048 930 1161 973 gestu
1208 930 1252 962 ut
1293 923 1448 962 saltatio

116 983 313 1032 quaedam
352 991 576 1023 nasceretur
618 984 683 1023 cui
727 985 925 1025 saltationi
962 986 1091 1026 Titius
1137 1001 1286 1027 nomen
1333 996 1445 1028 esset.

118 1047 180 1084 Ita
217 1049 440 1086 cavendum
471 1056 531 1088 est
563 1063 614 1088 ne
647 1049 744 1100 quid
782 1050 823 1089 in
860 1053 1016 1102 agendo
1054 1051 1278 1092 dicendove
1314 1053 1444 1100 facias,

116 1111 228 1150 cuius
254 1111 421 1151 imitatio
446 1113 628 1153 rideatur.
688 1116 767 1154 Sed
790 1116 842 1154 ad
868 1118 987 1167 paulo
1010 1117 1251 1167 superiorem
1277 1125 1447 1158 aetatem
1467 1114 1524 1160 63

10 1202 13 1205 r
58 1191 97 1225 ¹5
116 1176 261 1215 revecti
289 1190 450 1227 sumus,·
489 1192 596 1218 nunc
633 1181 685 1219 ad
723 1193 811 1219 eam
842 1182 893 1220 de
924 1195 1003 1232 qua
1034 1182 1281 1233 aliquantum
1311 1197 1447 1222 sumus

117 1243 239 1282 locuti
265 1251 515 1284 revertamur.

170 1307 419 1348 Coniunctus
449 1309 565 1360 igitur
594 1311 744 1362 Sulpici
773 1311 892 1351 aetati
922 1314 964 1351 P.
985 1313 1183 1353 Antistius
1206 1314 1290 1362 fuit,
1312 1315 1449 1354 rabula
1468 1320 1531 1352 226

116 1386 211 1412 sane
247 1374 475 1424 probabilis,
509 1375 577 1426 qui
614 1378 762 1416 multos
799 1391 891 1416 cum
930 1378 1116 1418 tacuisset
1152 1393 1279 1419 annos
1316 1393 1448 1430 neque

11 1487 15 1493 ⁸
117 1438 319 1477 contemni
349 1441 478 1479 solum
511 1442 583 1480 sed
616 1441 776 1481 inrideri
805 1442 924 1482 etiam
954 1443 1091 1483 solitus
1121 1452 1235 1492 esset,
1257 1444 1298 1483 in
1329 1445 1449 1484 tribu-

18 1497 40 1580 ἑ
58 1519 100 1543 20
117 1510 212 1541 natu
243 1503 414 1554 primum
445 1513 583 1545 contra
617 1507 661 1547 C.
699 1507 777 1546 Iuli
808 1507 916 1546 illam
951 1510 1180 1548 consulatus
1211 1509 1447 1560 petitionem

11 1570 27 1583 ‘'
117 1569 463 1609 extraordinariam
497 1585 627 1610 veram
661 1586 820 1611 causam
846 1587 968 1623 agens
998 1581 1058 1613 est
1088 1575 1277 1625 probatus
1292 1590 1302 1623 ;
1331 1582 1370 1614 et
1398 1588 1447 1614 eo

116 1634 241 1684 magis
272 1636 382 1685 quod
410 1637 581 1676 eandem
607 1651 768 1677 causam
798 1652 889 1678 cum
918 1647 1050 1690 ageret
1078 1640 1163 1680 eius
1191 1643 1358 1692 conlega
1382 1641 1448 1681 ille

116 1698 202 1749 ipse
222 1699 431 1750 Sulpicius,
453 1700 518 1740 hic
546 1703 659 1752 plura
686 1710 726 1741 et
753 1703 929 1743 acutiora
958 1704 1127 1744 dicebat.
1187 1707 1329 1756 Itaque
1357 1714 1448 1757 post

116 1763 360 1803 tribunatum
391 1765 522 1816 primo
554 1769 700 1806 multae
733 1769 784 1807 ad
818 1782 910 1807 eum
944 1782 1097 1818 causae,
1131 1769 1278 1810 deinde
1307 1785 1447 1811 omnes

58 1843 98 1878 ²5
116 1829 310 1869 maximae
344 1843 620 1882 quaecumque
658 1840 768 1871 erant
805 1834 1094 1874 deferebantur.
1153 1837 1255 1875 Rem
1286 1836 1447 1876 videbat
1466 1850 1530 1885 ²²7

115 1902 241 1941 acute,
265 1897 536 1946 componebat
555 1896 774 1948 diligenter,
796 1898 989 1938 memoria
1007 1899 1164 1939 valebat
1176 1915 1187 1949 3
1215 1901 1344 1940 verbis
1364 1915 1447 1941 non

115 1958 180 1998 ille
219 1959 382 2009 quidem
430 1961 577 2000 ornatis
621 1962 805 2001 utebatur
842 1964 913 2002 sed
954 1970 1088 2003 tamen
1132 1978 1215 2004 non
1258 1966 1447 2015 abiecti53

116 2023 298 2074 expedita
317 2032 451 2064 autem
471 2034 553 2065 erat
572 2034 611 2066 et
637 2027 821 2077 perfacile
845 2042 1004 2068 currens
1024 2029 1150 2069 oratio
1163 2045 1175 2079 ‚;
1202 2038 1242 2070 et
1261 2039 1342 2071 erat
1362 2031 1445 2071 eius

116 2088 278 2139 quidam
313 2097 517 2141 tamquam
556 2092 715 2131 habitus
748 2107 831 2132 non
864 2093 1107 2144 inurbanus;
1144 2095 1250 2136 actio
1282 2098 1446 2148 paulum

161 2203 181 2232 3
205 2192 239 2224 in
265 2195 405 2225 summis
424 2217 431 2225 .
450 2219 457 2227 .
477 2218 484 2226 .
512 2205 556 2226 ex
582 2200 742 2236 praetura
768 2197 891 2228 maluit
916 2197 1038 2239 Campe
1126 2199 1161 2230 in
1189 2204 1350 2240 praetura
1373 2202 1443 2234 secl.

115 2235 272 2268 Schenkl:
289 2243 392 2276 paene
404 2239 526 2270 cons.s.
539 2244 593 2271 est
606 2240 651 2281 [si
664 2265 671 2272 .
683 2264 691 2271 .
706 2264 713 2272 .
728 2239 833 2282 esset]
845 2252 940 2274 nam.
956 2266 965 2275 .
981 2265 989 2273 .
1004 2242 1209 2275 devinxerat
1221 2244 1267 2285 [is
1277 2269 1284 2277 .
1298 2268 1306 2276 .
1321 2268 1328 2275 .
1341 2245 1445 2277 inter-

117 2279 240 2321 sectus]
258 2280 430 2312 Eberhard
525 2284 546 2313 6
570 2282 600 2314 is
629 2289 766 2323 praetor
789 2284 841 2315 L:
867 2284 970 2324 igitur
997 2296 1048 2326 pr.
1073 2286 1199 2328 Stangl
1330 2298 1370 2320 10
1393 2294 1445 2321 est

116 2322 192 2355 add.
205 2324 301 2363 Jahn
419 2335 455 2355 11
481 2326 668 2357 dissolutus
684 2326 775 2358 B¹H
877 2339 915 2368 13
940 2329 986 2359 ita
1002 2331 1192 2362 cavendum
1207 2354 1216 2362 .
1236 2354 1244 2362 .
1264 2354 1272 2363 .
1292 2331 1446 2364 rideatur

115 2367 182 2398 secl.
198 2367 325 2408 Stangl
338 2379 345 2399 :
368 2368 548 2401 irrideatur
563 2369 727 2401 Friedrich
861 2382 900 2412 15
924 2373 1041 2404 reiecti
1058 2373 1135 2405 0¹G
1216 2375 1257 2405 18
1281 2375 1444 2408 iacuisset

116 2410 284 2442 Baehrens
427 2422 470 2453 29
493 2413 629 2453 quidam
646 2413 844 2447 Manutius:
869 2415 1004 2456 quidem
1021 2416 1051 2447 L

157 2474 220 2496 cic.
240 2475 344 2498 nav-r.
1319 2474 1339 2507 5
