1630 2730
123 168 181 207 29
203 173 262 197 111
528 157 588 196 M.
617 156 787 195 TVLLI
817 155 1127 196 CICERONIS

118 286 176 308 112
198 281 242 313 ut
262 272 536 313 testimonium
566 271 698 311 dicere
718 277 887 322 putares,
910 284 1002 309 cum
1031 283 1103 321 pro
1129 283 1197 308 reo
1223 268 1382 309 diceret.
1443 269 1539 308 Hoc

197 339 359 380 dicendi
388 352 513 390 genus
541 339 593 377 ad
622 336 841 389 patrocinia
869 335 1122 375 mediocriter
1149 342 1288 386 aptum
1317 334 1538 382 videbatur,

196 407 248 445 ad
269 404 507 445 senatoriam
527 417 620 443 vero
647 401 897 450 sententiam,
920 401 1031 441 cuius
1058 408 1140 441 erat
1168 400 1234 440 ille
1259 400 1454 452 princeps,
1476 401 1539 439 vel

197 471 367 511 maxime
381 486 392 520 3
435 470 683 522 significabat
717 468 824 508 enim
868 475 950 508 non
992 466 1245 518 prudentiam
1289 468 1430 514 solum,
1467 466 1539 506 sed

196 539 308 589 quod
345 535 516 576 maxime
555 549 638 574 rem
681 534 924 582 continebat,
965 534 1099 572 fidem.
1172 533 1364 572 Habebat
1401 533 1479 571 hoc
1516 545 1540 571 a
1559 545 1578 578 5

196 611 336 642 natura
355 602 450 654 ipsa,
474 602 584 652 quod
604 615 628 640 a
647 599 829 640 doctrina
854 613 937 639 non
963 598 1079 638 facile
1106 605 1240 650 posset
1254 613 1264 647 3
1294 611 1539 649 quamquam

195 668 313 708 huius
347 681 508 719 quoque
538 666 661 718 ipsius
690 666 756 714 rei,
785 679 905 716 quem
934 666 986 705 ad
1016 666 1182 704 modum
1213 664 1300 712 scis,
1328 670 1540 716 praecepta

196 742 299 774 sunt.
359 733 493 773 Huius
514 740 553 772 et
573 731 771 772 orationes
799 739 891 770 sunt
911 739 950 771 et
977 739 1054 771 tres
1073 732 1125 771 ad
1153 732 1196 770 L.
1221 731 1422 770 Fufidium
1449 727 1539 770 libri

195 799 330 851 scripti
350 801 401 839 de
421 798 501 838 vita
530 797 653 850 ipsius
682 805 771 836 acta
800 811 895 836 sane
924 796 1051 845 utiles,
1074 810 1175 847 quos
1205 809 1325 836 nemo
1351 795 1445 847 legit
1458 810 1470 845 3
1497 802 1538 835 at

197 865 290 915 Cyri
309 863 431 903 vitam
452 871 491 903 et
512 862 764 913 disciplinam
785 863 934 913 legunt,
956 863 1198 913 praeclaram
1225 861 1332 900 illam
1359 860 1534 912 quidem,
1558 877 1604 901 ια

197 931 268 969 sed
288 943 419 980 neque
439 936 520 968 tarn
541 927 684 967 nostris
705 928 823 967 rebus
842 935 978 978 aptam
1004 941 1079 967 nec
1099 934 1234 966 tamen
1261 926 1397 967 Scauri
1416 926 1538 967 laudi-

198 996 273 1035 bus
292 995 629 1046 anteponendam.

125 1050 179 1088 30
253 1062 346 1111 Ipse
375 1059 494 1099 etiam
525 1058 704 1099 Fufidius
733 1059 774 1097 in
803 1058 937 1110 aliquo
965 1066 1222 1111 patronorum
1255 1073 1423 1100 numero
1451 1059 1536 1102 fuit.

117 1110 175 1143 1¹3
198 1125 372 1165 Rutilius
401 1133 535 1164 autem
567 1124 608 1164 in
638 1126 815 1176 quodam
840 1124 939 1164 tristi
968 1133 1007 1165 et
1036 1139 1173 1165 severo
1201 1139 1345 1177 genere
1374 1126 1536 1168 dicendi

194 1199 370 1232 versatus
391 1198 462 1230 est.
511 1193 606 1230 Erat
624 1198 791 1242 uterque
811 1198 951 1230 natura
965 1192 1180 1231 vehemens
1196 1199 1235 1231 et
1254 1205 1345 1232 acer
1357 1207 1368 1241 5
1400 1192 1535 1244 itaque
1557 1207 1595 1242 15

196 1272 288 1297 cum
322 1271 404 1296 una
436 1258 687 1296 consulatum
719 1255 962 1307 petivissent,
995 1271 1078 1296 non
1108 1257 1175 1296 ille
1205 1258 1346 1306 solum,
1380 1258 1448 1309 qui
1481 1273 1537 1298 re-

195 1324 350 1374 pulsam
389 1324 540 1370 tulerat,
573 1322 774 1362 accusavit
805 1322 979 1362 ambitus
1016 1322 1267 1374 designatum
1305 1323 1539 1374 competito-

195 1402 289 1436 rem,
331 1390 402 1428 sed
440 1390 609 1428 Scaurus
643 1388 762 1428 etiam
795 1390 1002 1428 absolutus
1034 1389 1230 1428 Rutilium
1263 1389 1305 1428 in
1342 1389 1535 1429 iudicium

195 1454 362 1494 vocavit.
422 1456 632 1505 Multaque
661 1468 781 1506 opera
806 1456 1011 1506 multaque
1034 1454 1227 1494 industria
1253 1454 1427 1494 Rutilius
1446 1455 1532 1503 fuit,

196 1533 298 1571 quae
318 1527 400 1559 erat
419 1527 628 1571 propterea
652 1519 806 1571 gratior,
829 1521 940 1571 quod
959 1519 1067 1559 idem
1096 1534 1286 1571 magnum
1315 1533 1461 1560 munus
1481 1522 1532 1561 de
1552 1535 1596 1560 20

117 1593 177 1626 114
196 1585 278 1625 iure
306 1585 575 1636 respondendi
602 1585 833 1626 sustinebat.
893 1588 993 1625 Sunt
1020 1585 1103 1625 eius
1130 1585 1328 1625 orationes
1354 1585 1511 1626 ieiunae
1524 1602 1536 1636 ;

197 1651 322 1689 multa
340 1652 539 1701 praeclara
559 1652 610 1690 de
631 1651 714 1691 iure
727 1666 738 1700 3
767 1652 910 1690 doctus
931 1651 988 1690 vir
1007 1659 1046 1691 et
1067 1651 1229 1691 Graecis
1253 1651 1391 1691 litteris
1411 1651 1538 1692 erudi-

196 1724 270 1764 tus,
308 1715 471 1755 Panaeti
503 1716 671 1764 auditor,
698 1730 823 1768 prope
854 1718 1052 1768 perfectus
1083 1716 1123 1755 in
1155 1716 1323 1767 Stoicis3
1366 1731 1536 1769 quorum

196 1790 428 1833 peracutum
450 1789 489 1821 et
517 1781 610 1821 artis
639 1784 803 1833 plenum
823 1781 1011 1822 orationis
1040 1796 1166 1834 genus
1186 1783 1262 1822 scis
1288 1790 1423 1823 tamen
1449 1796 1536 1823 esse

196 1848 296 1887 exile
315 1861 390 1886 nec
410 1847 503 1886 satis
523 1848 704 1899 populari
723 1848 953 1888 adsensioni
972 1850 1333 1889 accommodatum.
1394 1851 1535 1901 Itaque
1555 1863 1596 1897 25

196 1913 272 1961 illa,
296 1927 399 1964 quae
427 1913 586 1964 propria
614 1922 674 1953 est
702 1914 820 1954 huius
849 1914 1093 1966 disciplinae,
1125 1914 1455 1966 philosophorum
1484 1916 1536 1955 de

197 1992 239 2018 se
260 1978 436 2030 ipsorum
466 1978 603 2030 opinio
630 1981 742 2018 firma
770 1979 811 2019 in
832 1982 909 2020 hoc
928 1980 1012 2020 viro
1038 1988 1077 2020 et
1097 1980 1248 2020 stabilis
1274 1980 1435 2020 inventa
1463 1988 1534 2021 est.

117 2055 178 2087 115
199 2044 280 2094 Qui
313 2058 405 2083 cum
443 2043 794 2084 innocentissimus
828 2046 869 2084 in
903 2045 1096 2086 iudicium
1125 2053 1289 2086 vocatus
1318 2053 1432 2095 esset,
1455 2059 1536 2097 quo

197 2109 345 2149 iudicio
365 2111 597 2149 convulsam
627 2110 785 2161 penitus
815 2111 961 2151 scimus
991 2125 1076 2151 esse
1105 2125 1188 2151 rem
1208 2111 1422 2163 publicam,
1443 2125 1536 2152 cum

198 2183 330 2215 essent
350 2189 398 2215 eo
419 2182 597 2227 ternpore
624 2176 940 2228 eloquentissimi
959 2176 1030 2216 viri
1057 2178 1101 2216 L,
1125 2178 1290 2218 Crassus
1310 2184 1349 2216 et
1377 2179 1434 2216 M.
1456 2179 1534 2217 An·
1556 2190 1598 2222 30

244 2290 258 2310 1
284 2291 358 2312 cum
385 2289 448 2319 pro
466 2291 525 2312 reo
543 2281 672 2313 diceret
688 2292 754 2314 om.
779 2279 910 2314 BHM:
934 2282 1003 2313 secl.
1027 2281 1153 2313 Schatz
1338 2291 1358 2322 5
1383 2282 1536 2314 continet

200 2324 323 2355 maluit
347 2324 475 2363 Campe
637 2337 658 2366 9
681 2330 756 2357 acta
784 2324 838 2357 L:
873 2326 963 2357 lectu
990 2324 1064 2357 Geel
1228 2335 1266 2365 15
1291 2331 1365 2358 erat
1391 2330 1536 2367 uterque

193 2367 309 2406 Jahn:
335 2373 368 2399 et
391 2370 535 2408 uterque
551 2367 580 2398 L
715 2379 758 2400 22
782 2370 936 2401 eruditus
959 2369 1070 2410 vulg:
1095 2368 1261 2400 eruditiL
1395 2371 1437 2402 28
1460 2380 1537 2402 cum

198 2413 268 2443 inn.
285 2411 396 2453 vulg.:
424 2423 524 2454 quam
542 2412 611 2445 inn.
631 2411 682 2446 L:
705 2423 907 2454 quamquam
925 2414 995 2445 inn.
1012 2412 1202 2445 Lambinus
