1630 2730
112 135 156 175 18
182 151 219 186 71
551 135 608 173 M.
640 134 810 173 TVLLI
840 133 1150 174 CICERONIS

179 262 254 288 nec
274 246 444 288 dubitari
466 247 587 287 debet
607 247 703 299 quin
723 246 868 287 fuerint
883 254 974 287 ante
991 248 1217 286 Homerum
1238 252 1391 296 poetae,
1406 244 1517 296 quod

177 328 225 353 ex
259 314 314 353 eis
346 313 588 353 carminibus
616 312 791 364 intellegi
819 320 961 364 potest,
997 325 1100 363 quae
1128 312 1236 363 apud
1265 311 1376 349 illum
1407 318 1446 350 et
1475 309 1517 348 in

176 381 404 419 Phaeacum
434 386 473 418 et
501 378 542 417 in
573 392 784 430 procorum
816 378 942 428 epulis
973 385 1180 417 canuntur.
1244 375 1365 426 Quid,
1394 374 1517 415 nostri

175 452 327 485 veteres
347 458 482 484 versus
503 444 572 483 ubi
592 446 717 483 sunt?
884 443 887 447 '

392 523 494 561 quos
523 509 619 548 olim
649 508 776 548 Fauni
804 517 994 560 vatesque
1023 509 1231 556 canebant,

230 589 322 615 cum
352 589 483 626 neque
514 577 722 614 Musarum
752 576 938 626 scopulos
968 605 976 614 .

230 654 306 680 nec
334 642 450 679 doctis
478 640 594 679 dictis
624 640 826 679 studiosus
856 639 1067 691 quisquam
1098 645 1180 679 erat
1208 636 1310 677 ante'
1330 638 1438 676 hunc

175 706 231 745 ait
251 706 336 757 ipse
356 707 407 745 de
427 719 469 745 se
490 719 564 745 nec
592 705 780 745 mentitur
800 705 841 744 in
867 705 1098 756 gloriando:
1128 704 1185 743 sic
1208 703 1315 743 enim
1342 716 1429 743 sese
1455 716 1516 742 res

174 772 308 811 habet.
350 773 456 810 Nam
473 779 511 810 et
525 771 696 821 Odyssia
713 770 854 809 Latina
869 778 928 810 est
944 770 1000 809 sic
1015 778 1220 821 tamquam
1236 782 1336 820 opus
1352 768 1516 820 aliquod

178 837 348 876 Daedali
377 844 416 877 et
447 837 635 876 Livianae
661 837 819 876 fabulae
846 850 929 875 non
956 835 1049 875 satis
1074 835 1218 886 dignae
1244 848 1348 886 quae
1373 834 1515 874 iterum

116 909 156 945 72
176 903 366 953 legantur.
415 902 540 953 Atqui
560 902 625 941 hic
646 902 781 941 Livius
803 900 904 955 [qui]
921 901 1070 952 primus
1085 901 1262 940 fabulam
1283 901 1328 940 C.
1344 900 1515 940 Claudio

177 967 298 1008 Caeci
336 967 417 1007 filio
451 975 491 1007 et
530 969 586 1006 M.
616 967 820 1007 Tuditano
851 966 1082 1006 consulibus
1116 965 1255 1006 docuit
1286 979 1394 1005 anno
1427 965 1515 1017 ipso

173 1041 266 1073 ante
288 1047 408 1084 quam
428 1041 544 1072 natus
565 1040 624 1073 est
649 1032 815 1080 Ennius,
837 1040 927 1084 post
949 1034 1123 1072 Romam
1149 1031 1354 1071 conditam
1380 1039 1514 1071 autem

173 1098 475 1149 quartodecimo
514 1106 553 1138 et
591 1098 951 1150 quingentensimo,
991 1105 1035 1137 ut
1072 1097 1137 1137 hic
1179 1097 1243 1145 ait,
1280 1111 1401 1148 quem
1439 1111 1514 1138 nos

172 1164 385 1215 sequimur.
446 1166 518 1203 Est
547 1164 654 1204 enim
684 1164 785 1204 inter
811 1164 1020 1216 scriptores
1046 1165 1097 1203 de
1123 1177 1290 1203 numero
1315 1177 1512 1203 annorum

173 1230 450 1269 controversia.
509 1229 657 1269 Accius
695 1238 828 1270 autem
859 1244 883 1269 a
912 1231 961 1279 Q.
990 1229 1169 1269 Maximo
1203 1229 1388 1280 quintum
1421 1243 1514 1269 con-

172 1297 256 1334 sule
283 1303 443 1346 captum
464 1297 640 1335 Tarento
666 1295 821 1347 scripsit
847 1295 1004 1335 Livium
1025 1295 1139 1335 annis
1168 1307 1259 1334 xxx
1278 1302 1370 1347 post
1393 1309 1513 1346 quam

173 1374 265 1400 eum
286 1362 461 1400 fabulam
491 1361 675 1401 docuisse
696 1368 735 1401 et
763 1361 920 1400 Atticus
950 1361 1086 1401 scribit
1105 1369 1145 1400 et
1173 1374 1247 1400 nos
1272 1360 1313 1399 in
1339 1361 1513 1412 antiquis

113 1433 154 1470 73
172 1426 468 1465 commentariis
506 1426 744 1475 invenimus,
782 1426 967 1466 docuisse
1004 1434 1138 1466 autem
1176 1427 1353 1466 fabulam
1397 1427 1512 1466 annis

172 1499 262 1542 post
282 1503 326 1530 xx
349 1492 394 1532 C.
418 1491 606 1532 Cornelio
627 1493 680 1542 Q.
699 1492 881 1531 Minucio
901 1491 1133 1532 consulibus
1153 1491 1257 1532 ludis
1279 1492 1513 1542 Iuventatis,

171 1570 273 1607 quos
312 1556 507 1596 Salinator
545 1557 711 1597 Senensi
749 1557 901 1609 proelio
939 1565 1108 1597 voverat.
1169 1559 1218 1597 In
1257 1571 1338 1608 quo
1379 1565 1512 1597 tantus

171 1636 276 1661 error
304 1622 403 1661 Acci
432 1623 514 1670 fuit,
547 1631 590 1662 ut
619 1623 680 1662 his
709 1623 941 1663 consulibus
970 1635 1027 1662 XL
1054 1637 1182 1663 annos
1211 1630 1327 1662 natus
1358 1622 1512 1663 Ennius

170 1688 309 1727 fuerit:
341 1689 436 1739 quoi
466 1688 498 1727 si
527 1689 703 1740 aequalis
733 1689 848 1729 fuerit
878 1689 1024 1737 Livius,
1048 1689 1178 1729 minor
1205 1689 1278 1728 fuit
1306 1688 1511 1740 aliquanto

170 1753 212 1801 is,
236 1754 304 1805 qui
324 1754 474 1805 primus
493 1755 668 1794 fabulam
689 1755 811 1804 dedit,
830 1769 950 1806 quam
970 1755 1017 1803 ei,
1040 1755 1108 1806 qui
1129 1757 1271 1794 multas
1292 1756 1511 1795 docuerant

171 1827 263 1858 ante
284 1821 357 1858 hos
385 1822 581 1868 consules,
603 1828 643 1860 et
672 1822 835 1860 Plautus
865 1829 914 1860 et.
931 1820 1116 1861 Naevius.
1177 1822 1293 1860 Haec
1318 1820 1351 1859 si
1377 1820 1509 1861 minus

169 1893 263 1936 apta
285 1884 469 1924 videntur
497 1886 590 1925 huic
618 1886 801 1934 sermoni,
835 1889 966 1934 Brute,
993 1886 1129 1925 Attico
1153 1885 1329 1937 adsigna,
1351 1885 1420 1937 qui
1446 1901 1511 1927 me

169 1950 429 1989 inflammavit
449 1951 582 1990 studio
609 1951 832 1990 inlustrium
863 1951 1071 1991 hominum
1099 1958 1247 1991 aetates
1267 1959 1306 1991 et
1331 1958 1512 2003 tempora

169 2016 445 2067 persequendi.
506 2019 592 2067 Ego
631 2031 734 2065 vero,
775 2016 904 2068 inquit
944 2020 1100 2065 Brutus,
1141 2025 1180 2056 et
1224 2018 1404 2057 delector·
1437 2017 1511 2058 ista

103 1801 151 1839 19

111 1859 153 1895 74

211 2121 233 2151 6
249 2121 427 2161 quisquam
444 2127 623 2162 superarat
639 2121 715 2153 add.
733 2121 892 2154 Victorius
967 2133 984 2163 7
1003 2123 1113 2154 doctis
1127 2122 1225 2154 dictis
1235 2122 1342 2163 Bergk
1357 2134 1364 2154 :
1388 2123 1466 2155 dicti
1479 2124 1509 2155 L

169 2165 189 2195 8
214 2165 257 2195 de
274 2175 311 2196 se
339 2165 471 2197 Ennius
496 2166 599 2205 Bake,
625 2166 742 2197 codices
765 2167 932 2198 detertbres
955 2171 1084 2198 secutus
1172 2167 1271 2198 sicin
1298 2167 1344 2198 L:
1369 2167 1420 2198 sic
1439 2167 1508 2209 [ut]

168 2209 258 2248 vulg.
397 2218 431 2240 11
458 2210 514 2250 qui
531 2213 589 2240 secl
606 2209 733 2241 Sclnitz
890 2221 927 2250 13
950 2211 1120 2241 conditam
1138 2215 1251 2241 autem
1275 2210 1359 2242 FO:
1395 2216 1508 2243 autem

168 2253 338 2283 conditam
362 2252 451 2285 codd.
555 2255 594 2284 16
618 2255 759 2285 consule
786 2253 918 2285 M262:
943 2264 1010 2286 cos.
1029 2254 1082 2285 F:
1099 2255 1273 2285 consulem
1283 2253 1375 2286 codd.
1469 2265 1507 2295 17

168 2300 303 2336 captum
328 2296 439 2337 vulga:
465 2301 567 2336 capta
581 2296 611 2327 L
755 2307 797 2328 20
823 2297 1011 2329 Iuventatis
1034 2308 1114 2330 corr.
1134 2297 1318 2329 Victon'us:
1349 2299 1508 2331 lucutatis

168 2339 285 2370 FOG:
310 2340 468 2372 luctantis
483 2340 565 2371 codd
680 2351 721 2372 22
747 2351 817 2372 xxx
840 2341 983 2372 BHMG
1085 2352 1128 2382 23
1151 2342 1204 2373 cui
1227 2341 1344 2383 vulga:
1368 2343 1460 2383 quod
1475 2341 1506 2373 L

169 2383 268 2415 suerit
285 2383 426 2425 Madvig
442 2396 449 2415 :
473 2385 531 2415 fuit
547 2384 577 2414 L

1535 523 1552 555 5

1537 849 1576 872 10

1535 1177 1573 1211 15

1533 1490 1630 1551 ²⁰}

1530 1834 1546 1857 2
1553 1834 1571 1868 5
1628 1792 1630 1799 Ι
