1630 2730
87 143 147 190 69
175 157 239 191 244
539 143 596 181 M.
636 142 807 181 TVLLI
847 142 1157 183 CICERONIS

173 254 395 303 habuerint,
416 268 498 294 non
525 254 579 294 ita
607 257 754 294 multos
782 254 914 295 fuisse.
974 257 1052 295 Sed
1081 257 1133 296 ad
1162 269 1385 296 sermonem
1410 255 1518 296 insti-

99 308 155 348 70
173 329 304 360 tutum
335 328 585 360 revertamur.
645 322 691 359 T.
715 322 942 372 Torquatus
972 323 1019 361 T.
1057 324 1100 361 F.
1135 330 1175 361 et
1205 323 1349 362 doctus
1379 322 1437 362 vir
1469 337 1518 362 ex

91 369 152 402 ²4⁵
174 386 338 426 Rhodia
366 386 576 437 disciplina
601 386 779 426 Molonis
809 394 847 426 et
875 400 899 426 a
928 395 1068 427 natura
1095 389 1147 427 ad
1177 388 1394 428 dicendum
1423 388 1516 428 satis

173 454 325 491 solutus
351 459 471 503 atque
495 452 713 503 expeditus,
737 452 801 491 cui
831 452 868 491 si·
886 452 966 492 vita
991 453 1333 504 suppeditavisset,
1360 454 1517 494 sublato

171 518 325 557 ambitu
351 519 491 557 consul
518 519 644 557 factus
673 525 785 566 esset,
809 520 898 568 plus
923 518 1120 558 facultatis
1144 519 1284 558 habuit
1306 520 1359 559 ad
1385 519 1518 559 dicen·
1536 534 1554 566 5

173 587 271 625 dum
295 597 415 634 quam
443 583 669 622 voluntatis.
730 585 873 634 Itaque
903 584 1036 623 studio
1063 584 1156 624 huic
1182 599 1265 624 non
1291 585 1384 624 satis
1411 585 1514 632 fecit,

174 649 304 690 officio
337 662 431 688 vero
465 662 541 688 nec
576 649 618 687 in
659 663 819 688 suorum
859 650 1171 690 necessariorum
1205 651 1334 690 causis
1368 665 1443 691 nec
1476 651 1518 690 in

91 722 155 764 246
174 714 370 755 sententia
399 715 595 754 senatoria
624 715 759 754 defuit.
820 715 952 754 Etiam
984 717 1041 754 M.
1071 716 1281 756 Pontidius
1310 716 1518 768 municeps

174 789 308 821 noster
337 782 480 819 multas
506 780 676 831 privatas
706 794 845 820 causas
871 781 1056 829 actitavit,
1080 782 1257 822 celeriter
1280 796 1375 822 sane
1398 783 1518 822 verba

173 848 337 886 volvens
368 859 443 885 nec
474 846 598 885 hebes
630 845 671 884 in
705 846 834 885 causis
866 848 928 886 vel
959 846 1092 886 dicam
1125 849 1213 898 plus
1247 848 1367 887 etiam
1397 862 1517 900 quam
1539 863 1580 886 10

174 925 257 951 non
290 912 428 960 hebes,
462 913 532 951 sed
566 913 826 951 effervescens
865 912 907 950 in
945 912 1120 953 dicendo
1159 915 1367 953 stomacho
1400 927 1518 966 saepe
1628 903 1630 907 ἢ

174 977 459 1028 iracundiaque
484 977 760 1016 vehementius
775 992 786 1026 ;
823 985 868 1017 ut
897 991 980 1017 non
1010 991 1102 1017 cum
1131 979 1355 1019 adversario
1389 982 1518 1019 solum

175 1045 246 1082 sed
285 1043 415 1090 etiam,
457 1044 568 1093 quod
607 1042 786 1082 mirabile
824 1051 941 1092 esset,
975 1057 1068 1083 cum
1106 1044 1239 1084 iudice
1271 1044 1369 1097 ipso,
1407 1045 1519 1085 cuius

176 1108 372 1148 delenitor
419 1122 504 1148 esse
552 1108 674 1147 debet
721 1116 861 1157 orator,
913 1109 1039 1160 iurgio
1089 1123 1207 1161 saepe
1245 1113 1515 1151 contenderet.
1628 1161 1630 1168 Ι

178 1177 235 1213 Μ.
260 1175 449 1213 Messalla
474 1173 605 1213 minor
630 1181 726 1212 natu
753 1187 874 1225 quam
900 1188 984 1222 nos,
1011 1177 1122 1214 nullo
1149 1177 1272 1216 modo
1297 1176 1423 1228 inops,
1447 1178 1518 1217 sed
1538 1189 1578 1222 15
1622 1179 1630 1212 ,ι’

177 1253 260 1279 non
275 1239 394 1278 nimis
410 1247 571 1279 ornatus
586 1253 730 1290 genere
744 1241 955 1279 verborum
964 1256 974 1290 3
997 1243 1183 1292 prudens,
1194 1250 1344 1290 acutus,
1355 1242 1518 1282 minime

176 1305 359 1345 incautus
385 1313 585 1356 patronus,
608 1305 650 1344 in
677 1305 804 1344 causis
831 1307 1122 1357 cognoscendis
1148 1308 1520 1360 componendisque

178 1371 360 1422 diligens,
380 1371 514 1422 magni
540 1371 698 1421 laboris,
719 1373 866 1411 multae
896 1387 1040 1423 operae
1069 1375 1363 1425 multarumque
1389 1388 1523 1414 causa-

95 1444 158 1482 ²47
177 1451 276 1476 rum.
318 1439 412 1476 Duo
432 1436 552 1477 etiam
574 1437 738 1485 Metelli,
756 1439 871 1478 Celer
890 1446 929 1478 et
945 1440 1093 1489 Nepos,
1117 1452 1192 1478 non
1212 1439 1311 1478 nihil
1330 1439 1371 1479 in
1392 1440 1520 1480 causis
1620 1487 1621 1490 Ἴ

178 1502 321 1542 versati
354 1516 429 1542 nec
467 1502 552 1542 sine
584 1503 745 1554 ingenio
779 1517 854 1543 nec
884 1503 1046 1551 indocti,
1081 1505 1158 1544 hoc
1189 1513 1299 1544 erant
1329 1508 1519 1557 populare
1540 1521 1582 1543 20

179 1568 341 1608 dicendi
368 1582 493 1620 genus
521 1568 711 1608 adsecuti.
772 1570 845 1609 Cn.
873 1577 1007 1608 autem
1037 1571 1230 1609 Lentulus
1263 1572 1521 1612 Marcellinus

179 1647 255 1672 nec
286 1647 477 1684 umquam
503 1633 716 1674 indisertus
745 1642 784 1674 et
814 1634 855 1673 in
886 1636 1095 1674 consulatu
1124 1638 1387 1687 pereloquens
1415 1637 1521 1677 visus

181 1707 251 1747 est,
282 1713 365 1738 non
394 1701 529 1739 tardus
558 1700 774 1748 sententiis,
806 1714 889 1740 non
919 1699 1035 1751 inops
1066 1700 1206 1749 verbis,
1236 1715 1334 1742 voce
1363 1717 1518 1751 canora,

180 1767 332 1804 facetus
371 1765 474 1804 satis.
540 1766 584 1806 C.
619 1765 838 1804 Memmius
877 1767 921 1804 L.
959 1768 1000 1805 F.
1037 1767 1233 1817 perfectus
1266 1767 1413 1816 litteris,
1450 1770 1522 1808 sed

183 1830 356 1879 Graecis,
381 1830 608 1870 fastidiosus
638 1844 732 1870 sane
762 1831 1006 1880 Latinarum,
1032 1839 1191 1882 argutus
1220 1841 1351 1873 orator
1378 1834 1522 1874 verbis-
1540 1852 1579 1883 25

183 1909 261 1946 que
296 1895 423 1934 dulcis
462 1897 533 1935 sed
570 1896 724 1947 fugiens
762 1910 844 1936 non
884 1898 1007 1936 modo
1038 1897 1199 1937 dicendi
1227 1912 1361 1938 verum
1402 1899 1522 1939 etiam
1629 1895 1630 1898 ¹

183 1961 385 2011 cogitandi
411 1961 599 2009 laborem,
626 1970 781 2001 tantum
812 1962 886 2002 sibi
913 1963 963 2002 de
994 1964 1180 2002 facultate
1206 1964 1374 2003 detraxit
1403 1979 1525 2016 quan-

185 2034 269 2065 tum
290 2026 490 2065 imminuit
508 2026 734 2067 industriae.

124 2079 167 2162 7}
242 2094 336 2131 Hoc
367 2094 457 2131 loco
492 2094 660 2132 Brutus:
700 2095 833 2143 Quam
864 2096 1017 2142 vellem,
1053 2095 1193 2146 inquit,
1226 2098 1277 2135 de
1311 2096 1372 2135 his
1404 2096 1523 2135 etiam
1622 2082 1630 2134 i

103 2141 143 2172 ²⁴
186 2158 407 2197 oratoribus
445 2158 514 2209 qui
552 2159 673 2198 hodie
711 2167 803 2198 sunt
840 2160 913 2199 tibi
951 2160 1082 2200 dicere
1119 2161 1282 2211 liberet;
1320 2170 1373 2211 et,
1406 2161 1439 2201 si
1472 2163 1523 2201 de
1541 2181 1583 2213 30
1623 2147 1630 2207 ἶΞ

184 2223 270 2262 aliis
295 2224 436 2272 minus,
459 2225 510 2263 de
530 2226 688 2264 duobus
709 2233 843 2265 tamen
863 2239 963 2277 quos
989 2240 1013 2265 a
1032 2234 1071 2266 te
1098 2226 1180 2267 scio
1206 2227 1356 2267 laudari
1384 2228 1522 2276 solere,

1624 425 1630 461 ¹.

1623 1221 1630 1323 5

1620 1325 1630 1440 Ξ

1625 1795 1630 1806 ..
1622 1707 1630 1783 mum„
1622 1587 1630 1696 ..nv-4⁵„
1620 1562 1630 1580 ω

236 2338 251 2358 1
277 2328 325 2358 ita
345 2328 390 2359 C:
415 2333 483 2360 tam
505 2328 567 2361 OG
701 2340 719 2369 4
745 2329 798 2361 cui
815 2329 843 2359 L
860 2341 867 2361 ι
890 2331 948 2370 qui
964 2330 1095 2370 Kayser
1206 2341 1244 2371 13
1269 2331 1454 2363 mirabilius
1470 2337 1524 2364 est

192 2372 313 2402 maluit
327 2370 439 2412 Meyer
580 2374 620 2404 16
644 2373 742 2405 nimis
760 2374 808 2405 C:
832 2374 943 2405 minus
963 2374 1026 2406 OG
1175 2384 1215 2416 19
1240 2376 1392 2408 nonnihil
1409 2376 1496 2418 vulg.
1513 2387 1520 2407 :

191 2415 274 2445 nihil
290 2415 319 2446 L
453 2425 491 2447 21
519 2416 582 2448 Cn.
599 2415 795 2450 Manutius:
821 2417 858 2450 C.
879 2418 907 2449 L
