1696 2730
156 137 214 184 46
236 151 298 187 155
591 137 647 177 M.
688 137 860 178 TVLLI
899 136 1208 179 CICERONIS

231 247 353 287 dabat
372 247 476 287 hanc
495 249 747 288 consuetudo
772 247 1006 289 licentiam?
1062 249 1205 299 Itaque
1230 247 1339 289 idem
1364 255 1484 301 poeta
1502 248 1571 300 qui

230 312 454 353 inusitatius
473 321 719 354 contraxerat
735 330 742 355 ε

338 378 459 430 patris
487 378 567 418 mei
595 393 730 418 meum
758 380 908 419 factum
937 380 1062 432 pudet

231 457 303 494 pro
324 457 504 483 meorum
524 445 729 492 factorum,
751 451 791 484 et
901 445 905 449 ’

339 509 491 558 texitur,
524 509 687 549 exitium
717 523 885 550 examen
913 509 1014 561 rapit
1592 523 1610 555 5

231 587 303 626 pro
324 574 546 624 exitiorum,
565 588 649 614 non
668 574 765 615 dicit
784 575 964 624 liberum,
987 583 1030 615 ut
1050 575 1227 627 plerique
1247 576 1457 628 loquimur,
1479 590 1571 616 curn

232 639 400 691 cupidos
428 640 598 681 liberum
627 648 696 680 aut
728 640 769 680 in
799 640 968 682 liberum
999 643 1089 681 loco
1123 642 1304 691 dicimus,
1336 643 1407 682 sed
1435 649 1479 682 ut
1508 641 1573 682 isti

231 707 394 749 volunt:

340 785 472 823 neque
501 779 613 812 tuom
643 785 834 823 umquam
863 772 905 812 in
934 772 1129 824 gremium
1163 774 1326 814 extollas
1356 773 1571 814 liberorum

448 852 496 878 ex
523 844 562 877 te
590 851 727 889 genus,
1592 845 1633 870 10

233 910 272 944 et
291 902 423 942 idem:

342 982 517 1019 namque
545 968 760 1020 Aesculapi
788 969 1013 1010 liberorum.

233 1035 287 1072 At
307 1033 372 1073 ille
391 1035 488 1072 alter
507 1033 548 1072 in
569 1034 721 1085 Chryse
741 1048 823 1073 non
843 1036 997 1075 solum:

342 1099 459 1148 cives,
490 1099 644 1150 antiqui
672 1099 790 1140 amici
819 1101 1014 1141 maiorum
1045 1115 1193 1151 meum,

233 1165 343 1216 quod
363 1172 446 1204 erat
465 1165 668 1215 usitatum,
688 1167 759 1206 sed
779 1166 915 1206 durius
939 1166 1058 1206 etiam
1077 1182 1086 1207 t
1593 1171 1631 1205 Ι5

341 1229 553 1270 consilium
582 1230 691 1279 socii,
723 1231 930 1283 augurium
959 1240 1079 1284 atque
1108 1240 1242 1273 extum
1271 1232 1530 1285 interprete83

233 1294 423 1346 idemque
443 1295 568 1347 pergit
586 1311 594 1335 z

342 1368 556 1412 postquam
585 1361 810 1413 prodigium
838 1363 1083 1412 horriferum,
1109 1371 1339 1415 portentum
1366 1377 1490 1415 pavos
1503 1378 1514 1413 ;

234 1439 336 1477 quae
355 1440 438 1466 non
458 1440 553 1466 sane
576 1434 668 1466 sunt
693 1427 734 1466 in
761 1428 948 1469 omnibus
977 1428 1125 1468 neutris
1144 1428 1297 1469 usitata.
1357 1431 1445 1470 Nee
1464 1428 1571 1470 enirn

234 1491 399 1531 dixerim
443 1499 525 1531 tarn
572 1491 741 1533 libenter
783 1507 937 1533 armum
982 1494 1318 1543 iudicium,—etsi
1364 1502 1424 1535 est
1463 1495 1572 1547 apud
1592 1506 1635 1531 ²0

233 1557 433 1596 eundem:

343 1621 495 1660 nihilne
523 1622 576 1661 ad
605 1628 644 1661 te
673 1623 725 1662 de
753 1622 903 1662 iudicio
931 1637 1086 1663 armum
1114 1624 1260 1664 accidit
1273 1626 1346 1664 ?—

157 1694 217 1738 156
235 1700 355 1738 quam
387 1686 606 1726 centuriam
636 1687 792 1726 fabrum
826 1695 866 1728 et
898 1702 1078 1739 procum,
1106 1697 1150 1729 ut
1183 1690 1386 1730 censoriae
1415 1690 1575 1730 tabulae

235 1754 463 1803 loquuntur,
477 1753 608 1792 audeo
624 1753 766 1802 dicere,
785 1767 867 1793 non
879 1755 1080 1794 fabrorum
1095 1762 1163 1794 aut
1175 1769 1386 1807 procorum
1402 1770 1413 1805 3
1441 1757 1575 1807 plane-

235 1831 314 1868 que
333 1819 505 1857 duorum
524 1817 696 1858 virorum
716 1818 908 1859 iudicium
928 1828 997 1859 aut
1015 1820 1133 1860 trium
1152 1820 1324 1860 virorum
1344 1821 1571 1873 capitalium
1592 1832 1633 1866 25
1695 1847 1696 1851 =

235 1891 303 1923 aut
323 1884 464 1923 decem
484 1882 657 1923 virorum
677 1884 849 1924 stlitibus
868 1884 1092 1926 iudicandis
1113 1885 1205 1926 dico
1230 1900 1461 1938 numquam.
1521 1888 1574 1929 Et

237 1948 334 2000 quid
354 1948 452 1988 dixit
472 1948 652 1990 Accius?

346 2015 464 2055 video
493 2017 674 2068 sepulcra
702 2018 784 2057 duo
813 2018 984 2057 duorum
1014 2031 1224 2070 corporum
1239 2033 1250 2068 3

237 2081 426 2132 idemque

346 2145 487 2185 mulier
516 2160 596 2186 una
623 2148 749 2187 duum
777 2147 916 2190 virum.
1593 2157 1636 2191 30
1695 2159 1696 2196 J

282 2261 304 2291 9
328 2255 422 2282 tuum
439 2250 473 2282 A
494 2263 502 2283 :
526 2256 561 2283 tu
578 2251 608 2282 L
737 2254 776 2284 18
800 2258 998 2294 portentum
1015 2254 1103 2295 vulg.
1124 2265 1132 2286 t
1156 2258 1316 2294 portentu
1331 2253 1401 2285 AL
1535 2264 1575 2294 19

240 2294 457 2327 omnibusL:
481 2295 676 2327 hominibus
689 2296 723 2326 A
743 2308 750 2329 :
774 2298 930 2329 omnibus
944 2298 1137 2330 nominibus
1149 2298 1360 2340 Heerdegen:
1381 2297 1577 2330 nominibus

240 2337 366 2379 Stangl
509 2341 552 2370 26
575 2344 609 2371 et
624 2340 705 2379 quid
721 2340 909 2383 Heerdegen
924 2353 932 2375 ι
955 2342 1054 2383 ecqui
1069 2341 1196 2384 Stangl
1209 2353 1217 2375 ι
1240 2342 1334 2384 atqui
1355 2342 1446 2384 vulg.
1463 2353 1471 2375 ε
1493 2342 1575 2384 quid

239 2381 301 2415 A:
325 2381 478 2423 etquiL
622 2393 663 2425 27
689 2384 802 2417 duxL

1674 970 1689 1070 .,θα..ὲ·
1668 921 1689 950 Α.
1678 678 1689 915 „;..-=,==2·2.‚.22.„·.
1675 535 1688 668 ‘Qvi

1673 1090 1689 1134 Ν

1671 1424 1696 1565 3.

1679 1073 1686 1089 t

1680 1116 1689 1161 ἐ

1677 1161 1683 1176 x

1673 1262 1688 1311 ξ

1674 1315 1688 1379 Ξ

1674 1577 1688 1614 ὲ

1669 2614 1689 2730 afflig-⁶1³.
