1630 2730
686 152 905 191 BRVTVS
1405 151 1461 199 48
1483 166 1494 188 ¹
1505 157 1544 201 78

132 263 309 302 Prudens
337 262 456 302 etiam
485 264 532 302 T.
554 263 710 302 Annius
729 263 872 303 Velina
901 271 940 303 et
968 262 1009 302 in
1038 262 1122 303 eius
1149 261 1302 314 generis
1332 261 1460 301 causis

130 335 259 368 orator
277 341 373 367 sane
391 328 615 368 tolerabilis.
675 330 723 367 In
739 330 883 368 eodem
902 342 1044 380 genere
1063 341 1270 367 causarum
1291 329 1460 366 multum

129 400 210 432 erat
238 395 286 433 T.
315 393 519 433 Iuventius
552 393 670 433 nimis
700 394 765 433 ille
795 394 958 445 quidem
988 395 1118 433 lentus
1148 392 1189 431 in
1219 392 1393 432 dicendo
1422 400 1461 433 et

130 471 256 509 paene
287 458 460 509 frigidus,
493 460 564 498 sed
596 467 636 498 et
665 459 830 498 callidus
864 467 903 498 et
936 459 976 497 in
1010 458 1207 510 capiendo
1237 457 1460 497 adversario

92 541 110 573 5
128 531 305 563 versutus
325 531 364 563 et
382 532 582 575 praeterea
600 538 674 563 nec
693 524 878 564 indoctus
893 532 933 564 et
952 537 1094 575 magna
1113 537 1205 562 cum
1225 523 1318 562 iuris
1338 522 1462 562 civilis

128 587 405 640 intellegentia.
463 589 587 630 Cuius
615 590 771 629 auditor
794 592 836 628 P.
859 589 1006 630 Orbius
1036 603 1147 628 meus
1176 590 1257 628 fere
1284 588 1460 640 aequalis
1483 600 1545 635 179

129 653 170 692 in
189 653 362 694 dicendo
387 668 469 695 non
495 654 612 694 nimis
639 655 883 703 exercitatus,
906 655 946 693 in
975 654 1058 694 iure
1086 661 1219 694 autem
1248 653 1352 693 civili
1378 667 1461 693 non

129 718 288 759 inferior
307 733 426 770 quam
447 719 630 770 magister
652 719 735 759 fuit.
794 721 899 759 Nam
915 721 967 758 »T.
990 718 1184 767 Aufidius,
1208 719 1277 770 qui
1296 718 1390 758 vixit
1409 720 1462 758 ad

130 797 325 824 summam
346 793 603 833 senectutem,
625 786 784 825 volebat
809 798 895 824 esse
922 785 1058 824 similis
1078 786 1220 824 horum
1241 791 1402 835 eratque
1422 791 1462 824 et

71 865 112 888 10
131 850 260 889 bonus
288 850 345 889 vir
373 858 412 890 et
440 850 644 899 innocens,
667 852 737 890 sed
766 851 925 890 dicebat
954 864 1092 901 parum
1107 865 1117 899 ;
1145 863 1220 889 nec
1249 863 1343 889 sane
1372 851 1461 901 plus

128 915 245 954 frater
272 915 356 955 eius
387 917 444 955 Μ.
466 916 672 967 Vergilius,
701 916 769 966 qui
798 916 979 955 tribunus
1007 915 1135 966 plebis
1165 917 1209 954 L.
1232 916 1363 955 Sullae
1392 915 1462 953 im-

129 980 297 1030 peratori
329 980 438 1020 diem
468 981 577 1020 dixit.
636 981 732 1020 Eius
763 983 929 1031 conlega
959 983 1000 1020 P.
1028 980 1186 1031 Magius
1215 980 1256 1019 in
1287 980 1460 1020 dicendo

128 1046 247 1096 paulo
273 1053 406 1085 tamen
430 1046 638 1097 copiosior.
697 1048 776 1086 Sed
803 1046 982 1086 omniurn
1009 1054 1209 1085 oratorum
1238 1045 1320 1085 sive
1349 1046 1461 1084 rabu-
1484 1049 1547 1081 180

128 1111 267 1159 larum,
295 1111 364 1162 qui
392 1119 431 1151 et
461 1113 579 1162 plane
611 1111 763 1151 indocti
792 1119 831 1151 et
859 1111 1043 1151 inurbani
1075 1119 1144 1150 aut
1176 1110 1310 1150 rustici
1340 1111 1460 1151 etiam

71 1194 108 1227 15
128 1177 298 1225 suerunt,
336 1190 436 1227 quos
475 1177 637 1228 quidem
682 1191 756 1228 ego
794 1177 1057 1228 cognoverim,
1098 1176 1382 1216 solutissimum
1419 1175 1461 1215 in

127 1241 300 1281 dicendo
319 1250 358 1281 et
380 1242 652 1282 acutissimum
677 1243 811 1282 iudico
840 1242 963 1281 nostri
989 1241 1138 1281 ordinis
1159 1242 1209 1291 Q.
1232 1241 1459 1289 Sertorium,

129 1307 318 1358 equestris
339 1309 384 1348 C.
408 1308 663 1359 Gargonium.
723 1308 814 1347 Fuit
837 1308 955 1347 etiam
979 1307 1103 1347 facilis
1123 1314 1162 1346 et
1182 1306 1389 1358 expeditus
1408 1307 1461 1347 ad

127 1373 343 1412 dicendum
369 1381 408 1413 et
426 1373 528 1413 vitae
555 1374 765 1425 splendore
794 1375 920 1413 multo
946 1380 986 1412 et
1011 1371 1171 1424 ingenio
1199 1385 1294 1411 sane
1322 1372 1462 1422 proba-

129 1437 199 1477 bili
225 1440 273 1478 T.
297 1438 435 1478 Iunius
466 1440 509 1477 L.
533 1440 575 1478 F.
606 1438 851 1486 tribunicius,
880 1451 960 1489 quo
989 1444 1200 1476 accusante
1230 1438 1273 1477 P.
1305 1436 1460 1476 Sextius

70 1520 112 1544 20
129 1511 283 1554 praetor
313 1503 539 1554 designatus
570 1505 780 1543 damnatus
813 1510 872 1542 est
902 1502 1075 1542 ambitus
1091 1517 1103 1551 3
1143 1501 1176 1541 is
1206 1501 1462 1554 processisset

31 1564 36 1570 ἶ
129 1568 346 1608 honoribus
380 1568 545 1619 longius,
574 1568 650 1607 nisi
683 1581 838 1619 semper
866 1567 1022 1606 infirma
1049 1574 1169 1618 atque
1198 1566 1317 1607 etiam
1346 1580 1462 1618 aegra

127 1633 352 1673 valetudine
377 1633 526 1673 fuisset.

181 1700 315 1749 Atque
334 1712 407 1749 ego
427 1700 624 1749 praeclare
650 1698 835 1748 intellego
855 1711 919 1737 me
946 1697 987 1736 in
1013 1711 1151 1736 eorum
1177 1710 1462 1736 commemora·
1478 1674 1541 1761 ‘1¹31

127 1762 234 1803 tione
254 1764 396 1803 verSari
416 1762 484 1814 qui
504 1776 578 1802 nec
598 1762 723 1801 habiti
742 1762 820 1801 sint
839 1770 1013 1802 oratores
1032 1775 1163 1812 neque
1183 1761 1337 1810 fuerint,
1355 1775 1463 1813 prae-

66 1845 107 1878 25
128 1828 311 1879 teririque
341 1842 365 1867 a
396 1842 459 1868 me
490 1828 642 1879 aliquot
672 1841 719 1867 ex
749 1827 947 1867 veteribus
981 1826 1360 1866 commemoratione
1393 1834 1463 1866 aut

126 1895 243 1933 laude
262 1893 415 1944 dignos.
474 1895 553 1933 Sed
574 1895 651 1932 hoc
671 1892 834 1943 quidem
859 1891 1129 1943 ignoratione3
1158 1891 1255 1942 quid
1275 1891 1382 1931 enim
1402 1899 1462 1931 est

126 1958 335 2010 superioris
354 1958 492 1998 aetatis
512 1959 622 2009 quod
643 1958 760 1997 scribi
783 1957 907 2008 possit
933 1958 985 1997 de
1011 1956 1078 2004 eis,
1101 1958 1152 1997 de
1178 1956 1323 2007 quibus
1352 1958 1462 1996 nulla

126 2032 385 2063 monumenta
414 2026 630 2074 loquuntur
660 2037 734 2062 nec
763 2023 929 2062 aliorum
963 2036 1038 2062 nec
1071 2021 1279 2074 ipsorum?
1318 2023 1369 2061 de
1398 2021 1459 2062 his

126 2097 268 2138 autern,
300 2103 400 2141 quos
434 2089 508 2140 ipsi
541 2088 723 2136 vidimus,
755 2088 954 2127 neminem
989 2089 1068 2127 fere
1102 2086 1458 2138 praetermittemus

169 2204 190 2225 2
212 2193 351 2225 multum
368 2193 421 2225 L:
444 2193 570 2224 multus
593 2193 708 2233 vulga:
740 2192 922 2223 multarum
943 2191 1039 2231 Jahn
1194 2199 1213 2230 5
1239 2201 1359 2231 magna
1383 2200 1459 2222 cum

126 2237 175 2269 L:
200 2248 323 2278 magna
347 2247 422 2269 cum
438 2260 446 2270 .
466 2260 476 2270 .
495 2260 502 2269 .
521 2241 590 2268 tum
613 2235 786 2267 Eberhard
960 2245 996 2266 11
1021 2234 1184 2274 Virgilius
1201 2234 1237 2265 F
1342 2234 1459 2266 Sullae

126 2280 194 2312 F²z
219 2281 335 2322 Syllae
351 2280 381 2311 L
519 2291 557 2319 14
581 2284 616 2311 et
633 2279 788 2311 inurbani
805 2278 894 2310 codd.
915 2278 994 2311 det.:
1020 2282 1078 2310 aut
1093 2277 1251 2310 inurbani
1273 2276 1304 2308 L
1416 2288 1458 2317 24

125 2324 193 2356 sint
209 2349 216 2357 .
234 2348 242 2357 .
259 2348 267 2357 .
286 2324 413 2356 suerint
439 2323 486 2355 C:
508 2328 587 2355 sunt
610 2347 618 2356 .
644 2347 652 2355 .
679 2347 687 2354 .
715 2323 850 2354 suerunt
866 2321 908 2353 H
1038 2332 1078 2361 27
1102 2321 1183 2353 sciri
1207 2322 1312 2362 possit
1337 2321 1460 2355 maluit

126 2367 297 2399 Eberhard
426 2378 468 2409 29
490 2367 804 2408 praetermittemus
818 2366 930 2398 Bake:
955 2365 1257 2407 praetermittimus
1272 2364 1303 2397 L

1328 2420 1368 2452 4*
