1696 2730
130 147 186 196 48
209 154 268 188 161
564 149 622 188 M.
662 149 832 188 TVLLI
872 147 1183 189 CICERONIS

204 273 287 300 non
316 258 470 311 dignus.
530 260 653 310 Quod
682 258 714 299 si
742 258 905 298 indocta
933 259 1184 298 consuetudo
1213 265 1294 297 tam
1321 264 1380 297 est
1407 256 1545 298 artifex

204 324 417 373 suavitatis,
449 324 546 376 quid
574 326 626 364 ab
655 324 741 376 ipsa
769 325 932 364 tandem
965 331 1048 364 arte
1079 331 1118 363 et
1146 323 1327 363 doctrina
1355 322 1545 374 postulari

121 394 183 427 162
204 392 422 442 putamus?
481 392 597 430 Haec
640 389 720 430 dixi
763 390 920 430 brevius
958 403 1077 440 quam
1115 389 1147 428 si
1185 390 1260 428 hac
1298 390 1349 428 de
1386 402 1428 428 re
1464 401 1545 427 una

204 456 586 507 disputarem—est
623 455 730 495 enim
768 457 880 495 locus
907 448 984 494 ‘hic
1022 456 1100 494 late
1138 462 1278 507 patens
1317 456 1367 494 de
1405 461 1545 493 natura

203 534 359 572 usuque
396 519 833 571 verborum—longius
880 526 1013 559 autem
1057 532 1177 570 quam
1220 518 1399 558 instituta
1444 517 1544 558 ratio
1565 532 1583 565 5

204 587 442 638 postulabat.

124 655 184 693 49
259 653 338 692 Sed
365 651 458 702 quia
485 665 615 691 rerum
635 651 926 701 verborumque
955 649 1148 689 iudicium
1177 649 1218 688 in
1243 648 1454 700 prudentia
1472 655 1546 697 est,
1691 698 1693 702 Ι

203 731 347 757 vocum
376 725 510 757 autern
545 724 584 757 et
617 730 873 757 numerorum
907 729 1020 755 aures
1051 723 1143 755 sunt
1171 715 1334 763 iudices,
1366 722 1405 754 et
1434 715 1544 766 quod
1674 705 1693 757 J*

1566 862 1605 886 10
1674 731 1693 880 ἓ

202 783 268 822 illa
301 784 352 822 ad
383 782 692 834 intellegentiam
726 783 957 830 referuntur,
993 783 1092 821 haec
1125 782 1177 820 ad
1210 782 1467 831 voluptatem,
1503 779 1545 818 in

203 848 277 887 illis
311 848 410 887 ratio
444 848 606 896 invenit,
638 847 679 886 in
710 847 771 886 his
805 861 944 886 sensus
973 854 1108 886 artem.
1169 847 1252 885 Aut
1280 845 1386 885 enim
1416 847 1545 897 negle-

202 915 332 965 genda
351 914 424 952 fuit
444 913 561 952 nobis
576 915 758 953 voluntas
778 912 944 960 aurium,
963 912 1108 963 quibus
1128 911 1286 963 probari
1306 911 1541 960 nitebamur,
1682 905 1692 941 ἶ

120 979 184 1021 163
201 986 270 1018 aut
289 993 350 1018 ars
377 979 460 1019 eius
487 978 761 1018 conciliandae
790 977 1032 1029 reperienda.
1093 979 1208 1016 Duae
1232 984 1323 1015 sunt
1347 976 1463 1027 igitur
1481 990 1543 1016 res

202 1058 305 1095 quae
337 1045 610 1095 permulceant
642 1043 757 1092 auris,
793 1057 914 1082 sonus
948 1050 987 1082 et
1018 1056 1216 1082 numerus.
1278 1044 1340 1081 De
1373 1054 1541 1082 numero

201 1124 305 1157 mox,
328 1124 435 1149 nunc
463 1111 515 1149 de
543 1123 644 1149 sono
673 1109 910 1160 quaerimus.
969 1109 1112 1157 Verba,
1139 1115 1182 1147 ut
1211 1121 1328 1159 supra
1356 1107 1539 1156 diximus,

200 1177 369 1226 legenda
406 1183 498 1215 sunt
535 1175 787 1227 potissimum
826 1175 929 1214 bene
967 1173 1159 1221 sonantia,
1193 1174 1264 1213 sed
1302 1187 1349 1213 ea
1382 1186 1464 1212 non
1497 1180 1541 1212 ut
1565 1185 1602 1219 15
1678 1165 1689 1230 jj

200 1249 343 1292 poetae
372 1241 566 1292 exquisita
593 1242 646 1280 ad
674 1254 829 1289 sonum,
861 1241 932 1279 sed
961 1247 1119 1291 sumpta
1148 1241 1199 1279 de
1229 1238 1374 1278 medio.
1681 1233 1689 1248 '¹

310 1321 389 1358 qua
421 1314 568 1358 pontus
599 1308 750 1355 Helles,
783 1310 949 1357 †supera
977 1307 1168 1345 Tmolum
1205 1318 1252 1344 ac
1281 1303 1526 1347 Tauricos†:

201 1375 380 1412 locorum
412 1372 631 1424 splendidis
665 1371 894 1411 nominibus
925 1371 1183 1410 inluminatus
1216 1377 1275 1410 est
1298 1384 1444 1418 versus,
1471 1372 1541 1410 sed
1687 1418 1689 1423 ,

201 1438 403 1490 proximus
423 1438 652 1489 inquinatus
671 1437 947 1477 insuavissima
966 1437 1116 1477 littera:
1676 1440 1696 1490 »ἓν

311 1503 399 1542 finis
429 1503 611 1554 frugifera
640 1510 678 1542 et
707 1504 842 1542 efferta
869 1516 961 1541 arva
990 1502 1109 1542 Asiae
1137 1509 1259 1541 tenet.
1563 1512 1605 1535 ²0
1678 1494 1685 1510 ³

121 1572 183 1613 164
203 1571 294 1619 Qua
319 1583 360 1608 re
385 1569 565 1609 bonitate
593 1568 725 1620 potius
754 1576 979 1608 nostrorum
1005 1569 1216 1607 verborum
1243 1575 1400 1606 utamur
1419 1580 1540 1620 quam

201 1636 413 1686 splendore
434 1636 688 1682 Graecorum,
710 1633 786 1673 nisi
805 1635 905 1673 forte
926 1634 982 1673 sic
1002 1633 1112 1684 loqui
1132 1632 1307 1684 paenitet
1327 1648 1334 1671 :

310 1714 388 1751 qua
417 1707 653 1751 tempestate
684 1701 884 1739 Helenam
915 1699 1024 1738 Paris

201 1774 240 1805 et
253 1779 355 1817 quae
371 1773 600 1816 sequuntur.
636 1767 768 1804 Immo
784 1779 876 1805 vero
892 1764 967 1804 ista
982 1778 1195 1816 sequamur
1209 1763 1542 1815 asperitatemque

202 1831 421 1883 fugiamus:
1563 1819 1602 1876 2'5

309 1898 440 1936 habeo
470 1896 597 1936 istanc
627 1910 701 1947 ego
730 1896 1053 1948 perterricrepam
1692 1900 1696 1947 j

246 2010 266 2040 3
290 2011 358 2031 una
370 2001 543 2040 postulata
558 2000 591 2031 A
611 2000 716 2040 (oculi
727 2010 832 2031 errore
846 2000 1065 2040 expostulari
1089 1999 1239 2038 natum).
1259 1998 1348 2030 unde
1370 2008 1439 2030 una
1462 2007 1542 2039 pro-

202 2045 313 2084 posita
327 2044 513 2086 Heerdegen
529 2055 536 2075 :
560 2054 628 2076 una
643 2044 756 2084 posita
773 2043 919 2075 Stroebel
1085 2053 1102 2082 7
1127 2043 1162 2074 in
1180 2043 1365 2083 prudentia
1381 2041 1415 2073 A
1430 2055 1437 2075 ε
1463 2052 1542 2082 pru-

203 2089 341 2119 dentiae
373 2088 402 2118 L
577 2098 613 2118 11
639 2088 798 2119 voluntas
826 2088 918 2119 Bake
934 2099 942 2119 :
978 2087 1138 2127 voluptas
1169 2086 1237 2117 AL
1350 2085 1543 2118 nitebamur

201 2132 345 2173 Stangl:
369 2132 568 2163 videbamur
582 2131 617 2163 A
633 2144 640 2164 ε
665 2132 865 2163 volebamus
880 2130 911 2162 L
1098 2140 1135 2171 17
1162 2130 1284 2162 Helles
1299 2129 1334 2161 A
1350 2140 1358 2161 τ
1381 2129 1495 2161 hellus
1509 2128 1540 2161 L

201 2180 343 2216 superat
359 2176 500 2206 tmolum
517 2176 545 2206 L
562 2187 570 2207 ε
593 2175 870 2216 superadmolum
886 2175 921 2206 A
1011 2185 1050 2206 ac
1067 2174 1232 2206 Tauricos
1247 2173 1322 2204 PM
1333 2185 1341 2205 :
1363 2174 1405 2205 ad
1421 2173 1540 2205 Tauri-

202 2230 260 2251 cos
287 2220 349 2251 FO
365 2231 373 2251 :
407 2220 588 2251 adauricos
613 2220 649 2251 A
667 2231 674 2250 :
708 2230 774 2259 qua
802 2223 908 2260 ponte
935 2218 978 2249 ab
1006 2218 1128 2250 Helles
1153 2221 1295 2258 superat
1321 2217 1477 2248 Tmolum
1506 2221 1541 2249 et

201 2264 364 2294 Tauricos
377 2262 520 2304 Madvig
625 2264 664 2294 18
684 2263 836 2295 locorum
848 2263 915 2294 AL
931 2274 939 2294 z
962 2262 1156 2294 colchorum
1172 2260 1227 2301 02,
1248 2260 1336 2292 unde
1349 2261 1541 2292 auricomus

201 2307 405 2338 Colchorum
421 2305 556 2350 (aries)
572 2307 708 2338 Ribbeck
882 2317 926 2338 20
950 2307 1029 2337 finis
1044 2305 1094 2338 L:
1119 2306 1235 2337 finitus
1250 2304 1285 2335 A
1421 2304 1541 2336 efferta

203 2350 402 2381 Lachmann
419 2350 466 2381 ad
479 2349 575 2383 Lucr.
593 2352 637 2382 vi.
658 2352 723 2390 258
737 2362 744 2382 :
769 2350 856 2382 serta
876 2350 922 2382 L:
946 2349 1032 2381 feria
1049 2348 1099 2380 Al
1208 2348 1312 2379 Asiae
1329 2347 1362 2378 A
1377 2358 1384 2381 :
1407 2347 1493 2380 Asia
1507 2347 1537 2378 L

201 2404 243 2432 23
267 2395 359 2433 paris
393 2394 552 2425 helenam
586 2394 676 2427 AL:
717 2398 845 2435 transp.
880 2392 1090 2434 Lachmann,
1118 2397 1164 2435 cp.
1193 2392 1232 2424 de
1257 2392 1351 2425 Orat.
1388 2391 1435 2425 iii.
1472 2402 1539 2433 219

201 2439 245 2469 26
268 2438 378 2469 istanc
395 2437 554 2470 Ribbeck:
577 2439 642 2470 ista
656 2437 690 2468 A
708 2450 716 2470 ε
739 2439 829 2470 istan
847 2437 876 2469 L
