1696 2730
699 164 919 203 BRVTVS
1421 163 1478 202 80
1501 179 1564 216 279

147 278 253 316 Tum
283 278 450 316 Brutus:
483 278 618 327 Atque
645 275 890 325 dubitamus,
908 275 1047 327 inquit,
1071 283 1202 316 utrum
1231 276 1306 317 ista
1333 277 1478 318 sanitas
1499 290 1562 326 279

146 342 260 382 fuerit
279 356 330 382 an
349 341 520 381 vitium?
569 341 670 391 Quis
689 341 796 381 enim
816 355 898 381 non
917 343 1094 390 fateatur,
1111 356 1204 381 cum
1224 356 1272 382 ex
1291 343 1478 383 omnibus

145 408 308 447 oratoris
328 407 513 447 laudibus
532 409 650 459 longe
669 407 743 446 ista
769 406 818 446 sit
843 407 1026 455 maxima,
1048 406 1296 448 inflammare
1324 408 1480 449 animos

144 472 390 512 audientium
420 481 458 512 et
486 486 742 524 quocumque
770 486 830 512 res
859 474 1032 523 postulet
1061 474 1183 512 modo
1213 475 1385 522 flectere,
1411 474 1481 525 qui

107 546 124 578 5
143 539 219 577 hac
242 538 384 577 virtute
406 538 583 586 caruerit,
614 537 656 577 id
685 537 722 577 ei
749 539 858 588 quod
888 537 1104 576 maximum
1133 538 1248 578 fuerit
1277 538 1481 579 defuisse?

145 602 203 642 Sit
222 617 317 643 sane
342 603 404 651 ita,
427 603 591 654 inquam
607 618 619 652 3
655 604 726 642 sed
752 604 961 642 redeamus
986 604 1039 642 ad
1062 617 1154 642 eum
1184 603 1253 654 qui
1278 603 1356 642 iam
1377 618 1479 644 unus
1499 605 1545 643 81

144 676 273 717 restat,
310 668 583 717 Hortensium,
619 676 703 707 tum
741 669 793 708 de
831 667 1031 707 nobismet
1069 667 1174 718 ipsis,
1210 668 1400 719 quoniam
1438 668 1480 708 id

145 734 275 781 etiam,
292 736 423 783 Brute,
440 735 627 786 postulas,
641 747 769 785 pauca
787 733 977 773 dicemus.
1021 735 1277 784 Quamquam
1297 733 1481 773 facienda

145 799 295 839 mentio
315 807 383 848 est,
405 807 449 838 ut
468 799 631 850 quidem
655 798 752 837 mihi
770 797 935 847 videtur,
957 800 1127 838 duorum
1149 798 1477 846 adulescentium,

85 873 128 898 10
146 865 214 915 qui
238 865 270 903 si
292 864 441 904 diutius
459 864 647 904 vixissent
675 877 859 915 magnam
889 872 1020 903 essent
1043 864 1293 915 eloquentiae
1317 865 1478 904 laudem

144 930 359 970 consecuti.

198 997 244 1036 C.
268 996 485 1036 Curionem
514 1003 563 1044 te,
594 995 723 1046 inquit
752 997 907 1043 Brutus,
939 1002 978 1034 et
1008 996 1052 1035 C.
1079 995 1278 1034 Licinium
1309 996 1479 1036 Calvum
1500 1000 1564 1032 280

144 1061 310 1101 arbitror
329 1061 471 1100 dicere.
524 1063 661 1108 Recte,
684 1060 859 1111 inquam,
876 1060 1072 1100 arbitraris
1086 1075 1097 1109 3
1126 1074 1297 1111 quorum
1313 1060 1479 1111 quidem

144 1129 241 1166 alter
272 1125 399 1180 [quod
426 1126 636 1166 verisimile
666 1124 845 1179 dixisset]
878 1126 932 1165 ita
964 1125 1078 1165 facile
1092 1127 1319 1185 'soluteque
1349 1125 1479 1165 verbis

85 1198 124 1231 ¹5
145 1193 329 1232 volvebat
359 1192 452 1231 satis
478 1192 677 1231 interdum
703 1199 851 1239 acutas,
881 1191 1038 1230 crebras
1064 1190 1227 1241 quidem
1256 1199 1363 1230 certe
1392 1204 1476 1230 sen-

146 1257 299 1306 tentias,
346 1265 389 1296 ut
429 1257 527 1296 nihil
571 1264 706 1307 posset
748 1255 924 1295 ornatius
967 1269 1066 1304 esse,
1104 1255 1203 1294 nihil
1242 1255 1475 1306 expeditius.

144 1325 279 1374 Atque
316 1323 381 1362 hic
410 1336 550 1374 parum
587 1336 611 1361 a
649 1321 842 1372 magistris
879 1320 1081 1360 institutus
1119 1327 1300 1359 naturam
1338 1319 1478 1359 habuit

144 1388 418 1428 admirabilem
443 1389 496 1428 ad
522 1387 739 1427 dicendum
753 1402 764 1436 3
792 1386 1026 1426 industriam
1056 1399 1138 1425 non
1167 1399 1255 1425 sum
1280 1393 1475 1437 expertus,

144 1454 320 1493 studium
336 1461 441 1493 certe
460 1453 543 1492 fuit.
601 1452 682 1502 Qui
702 1452 734 1491 si
754 1466 819 1491 me
840 1451 977 1491 audire
997 1451 1199 1500 voluisset,
1214 1459 1257 1490 ut
1277 1460 1473 1502 coeperat,

83 1531 126 1555 20
145 1520 317 1559 honores
354 1532 474 1570 quam
512 1532 608 1569 opes
646 1517 839 1568 consequi
876 1516 1089 1556 maluisset.
1167 1516 1372 1566 Quidnam
1404 1523 1477 1565 est,

143 1584 287 1635 inquit,
305 1584 436 1623 istuc?
463 1591 502 1623 et
522 1597 641 1634 quem
665 1584 718 1623 ad
738 1583 904 1622 modum
929 1581 1167 1633 distinguis?
1225 1583 1319 1620 Hoc
1340 1582 1474 1629 modo,

143 1649 318 1700 inquam.
378 1650 483 1690 Cum
510 1650 639 1688 honos
660 1648 710 1687 sit
735 1647 955 1699 praemium
975 1646 1128 1686 virtutis
1152 1646 1303 1686 iudicio
1328 1646 1478 1685 studio·
1500 1654 1560 1686 281

143 1728 222 1765 que
252 1713 398 1753 civium
429 1714 605 1753 delatum
633 1714 685 1752 ad
717 1712 905 1763 aliquem,
933 1711 1002 1763 qui
1033 1725 1125 1751 eum
1156 1710 1374 1758 sententiis,
1407 1710 1476 1761 qui

144 1779 335 1830 suffragiis
368 1780 536 1830 adeptus
566 1786 636 1827 est,
672 1778 704 1817 is
738 1777 835 1816 mihi
874 1786 913 1816 et
950 1778 1143 1816 honestus
1181 1783 1221 1815 et
1258 1777 1474 1815 honoratus

83 1853 124 1887 25
142 1845 307 1885 videtur.
367 1843 448 1893 Qui
477 1852 612 1883 autem
649 1843 861 1883 occasione
898 1841 1031 1893 aliqua
1067 1841 1187 1881 etiam
1224 1841 1355 1880 invitis
1394 1841 1474 1880 suis

143 1910 295 1949 civibus
322 1917 462 1948 nactus
488 1917 547 1948 est
573 1908 794 1959 imperium,
816 1915 860 1946 ut
883 1907 948 1947 ille
974 1906 1170 1958 cupiebat,
1192 1907 1300 1946 hunc
1323 1919 1473 1945 nomen

142 1975 304 2015 honoris
329 1976 532 2025 adeptum,
553 1987 636 2013 non
661 1975 854 2012 honorem
878 1980 986 2024 puto.
1046 1974 1161 2022 Quae
1185 1971 1217 2011 si
1243 1971 1308 2011 ille
1335 1971 1473 2011 audire

141 2041 342 2090 voluisset,
363 2039 534 2079 maxima
553 2052 644 2078 cum
660 2037 783 2089 gratia
802 2045 842 2077 et
860 2037 983 2088 gloria
1001 2039 1053 2077 ad
1073 2050 1269 2076 summam
1289 2035 1473 2087 amplitu-

141 2106 276 2146 dinem
315 2105 570 2157 pervenisset,
606 2104 828 2143 ascendens
857 2102 1044 2154 gradibus
1078 2101 1388 2153 magistratuum,
1429 2108 1472 2140 ut

82 2183 124 2215 30
141 2179 252 2224 pater
279 2171 363 2211 eius
392 2172 547 2218 fecerat,
570 2177 613 2208 ut
642 2168 781 2219 reliqui
809 2168 992 2207 clariores
1020 2166 1101 2206 viri.
1162 2167 1278 2216 Quae
1307 2165 1471 2217 quidem

142 2236 260 2276 etiam
280 2250 371 2276 cum
394 2238 434 2275 P.
458 2237 602 2276 Crasso
625 2236 682 2274 M.
706 2236 747 2273 F.
753 2265 764 2283 ,
782 2247 865 2272 cum
886 2233 999 2272 initio
1018 2231 1157 2272 aetatis
1176 2233 1228 2272 ad
1254 2231 1470 2270 amicitiam

189 2351 227 2381 14
252 2341 360 2382 [quod
377 2351 445 2373 ver.
464 2339 625 2381 dixisset]
642 2339 711 2370 secl.
728 2337 919 2369 Lambinus
1043 2346 1089 2376 30
1104 2341 1147 2386 ’ut
1165 2334 1287 2376 reliqui
1304 2334 1469 2368 clariores

140 2385 211 2459 {iii}
220 2383 258 2460 IL
261 2385 363 2470 r:¹121ch
387 2383 558 2416 Weidner:
582 2387 619 2414 ut
636 2383 757 2433 reliqui
774 2382 931 2422 maiores,
950 2380 1030 2412 clari
1049 2381 1112 2412 viri
1123 2379 1220 2419 Jahn
1328 2389 1368 2419 31
1394 2388 1469 2410 cum

1340 2465 1380 2497 6*
