1748 2716
646 187 648 189 ,
694 147 912 186 BRVTVS
1265 190 1270 194 .
1414 155 1470 196 79
1491 163 1507 185 2
1513 160 1555 195 73

138 274 258 311 quam
277 259 360 299 eius
379 259 578 299 actionem
605 260 775 298 multum
802 266 936 298 tamen
963 266 1002 298 et
1028 258 1237 310 splendida
1256 265 1295 297 et
1313 258 1471 308 grandis

137 333 176 365 et
195 326 335 365 eadem
355 324 395 363 in
415 324 550 375 primis
569 326 698 364 faceta
717 332 755 364 et
774 325 996 375 perurbana
1008 323 1318 363 commendabat
1333 323 1468 363 oratio.

138 391 286 430 Graves
318 390 402 429 eius
435 390 643 430 contiones
674 389 826 441 aliquot
858 391 1027 437 fuerunt,
1059 403 1168 429 acres
1197 389 1470 428 accusationes

136 462 214 495 tres
240 469 389 506 eaeque
417 469 558 495 omnes
584 469 631 494 ex
660 455 715 494 rei
743 455 927 506 publicae
955 454 1212 494 contentione
1238 462 1470 505 susceptae,

99 536 117 568 5
137 520 398 568 defensiones,
431 520 505 559 etsi
544 520 610 559 illa
647 527 757 559 erant
788 520 828 558 in
860 533 909 559 eo
942 519 1105 559 meliora
1133 533 1235 570 quae
1265 519 1356 567 dixi,
1387 533 1470 558 non

136 587 455 625 contemnendae
475 593 610 624 tamen
629 598 804 636 saneque
824 585 1058 624 tolerabiles.
1101 585 1183 624 Hic
1203 599 1294 624 cum
1315 598 1470 623 summa

135 652 339 690 voluntate
368 652 565 704 bonorum
594 650 733 690 aedilis
762 650 906 689 curulis
934 652 1061 689 factus
1090 658 1203 698 esset,
1224 650 1360 690 nescio
1388 664 1469 701 quo

137 717 259 756 modo
280 716 456 756 discessu
477 730 567 755 meo
588 715 768 755 discessit
783 729 807 754 a
827 729 912 755 sese
933 715 1168 766 ceciditque,
1190 723 1329 766 postea
1347 729 1467 766 quam

137 795 206 820 eos
225 781 368 820 imitari
388 781 520 832 coepit
533 795 634 832 quos
654 781 738 831 ipse
757 788 1003 832 perverterat.
1064 782 1143 820 Sed
1164 782 1214 820 de
1236 782 1292 819 M.
1311 780 1469 821 Calidio
1490 786 1554 821 274

79 858 120 881 10
137 846 317 885 dicamus
345 846 507 897 aliquid,
529 846 597 897 qui
621 859 702 885 non
731 845 804 885 fuit
832 853 962 885 orator
992 859 1092 885 unus
1118 859 1140 885 e
1169 845 1312 894 multis,
1338 845 1470 897 potius

136 912 238 951 inter
267 914 412 951 multos
440 926 564 963 prope
594 912 799 963 singularis
832 912 927 951 fuit:
967 912 1021 951 ita
1050 911 1275 951 reconditas
1305 911 1471 962 exquisi-

137 984 276 1027 tasque
296 977 509 1016 sententias
530 977 660 1017 mollis
680 984 718 1016 et
738 979 946 1028 perlucens
965 977 1156 1016 vestiebat
1177 976 1311 1016 oratio.
1359 977 1469 1016 Nihil

136 1050 218 1081 tam
247 1050 426 1081 tenerum
456 1056 575 1093 quam
605 1042 707 1081 illius
737 1041 987 1092 comprensio
1012 1042 1233 1089 verborum,
1262 1042 1360 1080 nihil
1388 1050 1469 1081 tam

137 1107 318 1156 flexibile,
358 1107 456 1146 nihil
494 1108 603 1158 quod
642 1107 765 1158 magis
803 1107 925 1158 ipsius
965 1107 1126 1147 arbitrio
1167 1108 1386 1158 fingeretur,
1427 1114 1470 1146 ut

79 1182 116 1214 Ῑ5
137 1172 282 1211 nullius
302 1172 464 1212 oratoris
484 1186 611 1223 aeque
630 1172 671 1210 in
698 1180 893 1223 potestate
922 1172 1036 1211 fuerit
1055 1188 1062 1211 :
1102 1186 1204 1223 quae
1224 1172 1394 1223 primurn
1415 1171 1469 1210 ita

138 1251 236 1289 pura
264 1245 345 1277 erat
366 1245 408 1276 ut
437 1237 535 1276 nihil
564 1237 764 1288 liquidius,
794 1240 845 1277 ita
873 1237 995 1277 libere
1023 1238 1172 1277 fluebat
1200 1245 1243 1276 ut
1270 1251 1468 1288 nusquam

135 1304 433 1342 adhaeresceret
447 1318 457 1351 3
480 1304 633 1341 nullum
654 1302 728 1342 nisi
748 1305 838 1343 loco
858 1303 1032 1354 positum
1052 1311 1092 1342 et
1110 1310 1313 1354 tamquam
1334 1302 1374 1341 in
1389 1317 1470 1342 ver-

136 1368 325 1407 miculato
370 1369 619 1416 emblemate,
659 1376 702 1407 ut
742 1368 796 1407 ait
838 1368 1026 1418 Lucilius,
1071 1376 1263 1408 structum
1303 1369 1468 1407 verbum

136 1434 289 1473 videres
303 1448 313 1482 3
346 1447 420 1473 nec
440 1447 532 1473 vero
552 1435 676 1473 ullum
695 1442 764 1473 aut
783 1436 926 1474 durum
946 1441 1014 1473 aut
1032 1434 1207 1473 insolens
1226 1441 1294 1473 aut
1319 1434 1470 1474 humile

78 1510 120 1534 20
137 1506 205 1538 aut
233 1497 308 1551 [in]
337 1499 492 1550 longius
516 1500 681 1538 ductum
698 1514 709 1548 3
746 1513 792 1538 ac
819 1513 901 1539 non
927 1499 1084 1550 propria
1103 1499 1223 1538 verba
1245 1513 1374 1538 rerum
1398 1501 1468 1540 sed

138 1565 325 1615 pleraque
345 1566 541 1612 translata,
563 1564 619 1603 sic
639 1572 774 1604 tamen
802 1573 846 1604 ut
869 1579 916 1604 ea
941 1579 1022 1604 non
1048 1564 1214 1604 inruisse
1234 1564 1275 1603 in
1294 1565 1468 1604 alienum

137 1630 270 1668 locum
309 1630 379 1668 sed
412 1629 655 1679 immigrasse
692 1629 732 1668 in
770 1643 886 1668 suum
924 1629 1100 1678 diceres3
1141 1643 1216 1669 nec
1245 1643 1338 1669 vero
1371 1631 1470 1670 haec

137 1695 267 1733 soluta
297 1707 371 1733 nec
397 1694 615 1733 diffluentia
639 1695 709 1734 sed
734 1694 892 1734 astricta
917 1695 1101 1742 numeris,
1130 1708 1212 1733 non
1236 1702 1370 1746 aperte
1395 1710 1470 1735 nec

138 1758 281 1796 eodem
309 1758 432 1795 modo
461 1770 616 1807 semper
645 1759 715 1796 sed
735 1757 839 1796 varie
863 1757 1235 1808 dissimulanterque
1258 1758 1466 1797 conclusis.

79 1835 116 1869 ²5
139 1823 262 1860 Erant
281 1829 414 1860 autem
435 1829 474 1861 et
493 1823 703 1861 verborum
730 1830 769 1861 et
794 1822 1076 1862 sententiarum
1104 1822 1169 1861 illa
1187 1822 1338 1861 lumina
1367 1837 1469 1874 quae
1491 1837 1552 1873 275

137 1894 281 1926 vocant
319 1886 460 1926 Graeci
504 1888 693 1939 σχήματα,
733 1887 878 1938 quibus
923 1894 1126 1938 tamquam
1168 1887 1387 1938 insignibus
1428 1888 1469 1927 in

137 1959 277 1990 ornatu
310 1951 625 2002 distinguebatur
658 1952 788 1991 omnis
818 1952 954 1992 oratio.
1013 1954 1108 2002 QVA
1136 1965 1192 1991 DE
1226 1965 1281 1991 RE
1313 1965 1469 1993 AG1TvR

137 2024 270 2056 autem
301 2016 398 2056 illud
429 2018 539 2068 quod
565 2017 698 2056 multis
730 2017 827 2056 locis
856 2017 897 2056 in
925 2017 1018 2056 iuris
1047 2019 1318 2057 consultorum
1347 2018 1469 2058 inclu-

138 2082 243 2121 ditur
261 2082 449 2130 formulis,
472 2082 512 2122 id
533 2082 601 2121 ubi
621 2090 724 2122 esset
743 2082 912 2122 videbat.
970 2084 1201 2123 Accedebat
1220 2085 1319 2126 ordo
1338 2098 1468 2123 rerum

78 2164 121 2197 30
138 2148 279 2198 plenus
306 2147 410 2195 artis,
439 2147 544 2187 actio
572 2147 742 2187 liberalis
770 2155 979 2199 totumque
1006 2149 1167 2188 dicendi
1195 2148 1396 2200 placidum
1430 2157 1469 2188 et

141 2225 283 2251 sanum
312 2226 446 2262 genus.
507 2214 630 2262 Quod
650 2213 681 2252 si
709 2220 769 2252 est
789 2212 984 2264 optimum
1009 2213 1179 2253 suaviter
1207 2213 1350 2261 dicere,
1371 2214 1469 2253 nihil

137 2285 197 2316 est
216 2279 326 2328 quod
350 2277 490 2316 melius
518 2279 595 2317 hoc
619 2279 890 2329 quaerendum
916 2286 1041 2329 putes.
1100 2280 1179 2318 Sed
1199 2293 1290 2318 curn
1310 2293 1333 2318 a
1352 2279 1469 2319 nobis

1487 2062 1543 2100 80

1490 2122 1554 2164 276

186 2389 199 2410 1
228 2380 413 2411 dictionem
438 2381 559 2412 maluit
581 2380 720 2412 Martha
943 2392 983 2422 19
1005 2383 1110 2414 ullum
1134 2383 1252 2424 vulga:
1285 2384 1414 2415 nullum
1439 2384 1468 2415 L

140 2434 184 2455 20
206 2424 242 2455 in
259 2427 336 2454 ante
351 2424 487 2465 longius
502 2425 571 2457 secl.
588 2425 679 2466 vulg.
816 2435 859 2466 29
882 2426 916 2457 id
934 2425 1117 2458 Comedus:
1139 2431 1174 2458 et
1197 2427 1227 2459 L

185 2487 250 2511 cxc.
269 2488 371 2510 nav-r.
1361 2483 1382 2514 6
