1696 2730
402 171 786 211 PARTITIONES
815 169 1153 209 ORATORIAE
1417 167 1442 205 8
1465 184 1506 216 29

116 283 367 323 multitudine
382 298 393 332 3
421 295 603 333 quaeque
622 294 715 320 mox
734 281 785 319 de
805 278 1027 318 narratione
1053 277 1229 318 dilucida
1248 277 1441 324 dicentur,

114 351 255 389 eadem
270 348 388 388 etiam
404 349 482 386 huc
501 353 687 398 poterunt
706 352 811 385 recte
830 343 1037 383 transferri.
1076 345 1131 382 Vt
1145 350 1294 382 attente
1309 350 1443 381 autern
1465 353 1506 385 30

114 414 331 461 audiamur,
371 412 489 451 trium
533 425 662 451 rerum
705 410 838 461 aliqua
881 422 1172 460 consequemur
1184 423 1195 457 3
1242 421 1334 446 nam
1376 414 1444 446 aut

116 493 259 530 magna
277 479 473 529 quaedam
502 489 771 528 proponemus
797 482 865 514 aut
893 473 1116 513 necessaria
1138 480 1206 512 aut
1232 472 1445 511 coniuncta

79 559 96 590 5
115 558 207 584 cum
230 543 324 595 ipsis
350 544 458 594 apud
487 555 588 593 quos
616 555 677 580 res
702 549 848 592 agetur.
907 539 965 579 Sit
992 546 1126 578 autern
1156 539 1233 577 hoc
1258 537 1377 576 etiam
1404 536 1444 576 in

116 609 348 660 praeceptis,
373 616 426 655 ut,
458 607 491 646 si
519 608 681 658 quando
710 614 866 657 tempus
894 605 1025 657 ipsum
1053 611 1122 643 aut
1150 617 1210 642 res
1238 610 1306 641 aut
1334 604 1445 641 locus

114 682 182 713 aut
204 674 446 713 interventus
475 671 639 712 alicuius
664 679 732 711 aut
761 669 1023 722 interpellatio
1050 677 1118 708 aut
1143 669 1194 708 ab
1222 667 1445 707 adversario

116 740 266 779 dictum
286 739 449 789 aliquod
469 745 508 777 et
527 737 698 776 maxime
717 736 757 775 in
777 737 999 787 perorando
1019 734 1173 774 dederit
1193 733 1445 772 occasionem

117 805 244 853 nobis,
266 813 309 844 ut
328 804 507 844 dicamus
533 802 683 854 aliquid
702 804 755 842 ad
774 810 931 853 tempus
950 809 1053 852 apte,
1076 814 1126 839 ne
1152 799 1421 849 relinquamus
1436 813 1446 846 3

0 864 3 899 ἶ
33 895 36 899 Δ
60 887 99 911 10
117 879 166 918 et,
189 884 292 922 quae
320 883 393 909 suo
421 871 511 908 loco
540 870 590 908 de
619 867 926 919 amplificatione
955 866 1145 913 dicemus,
1172 866 1296 904 multa
1322 878 1370 903 ex
1389 863 1445 903 eis

117 943 302 987 poterunt
320 936 371 974 ad
391 933 673 986 principiorum
693 940 903 984 praecepta
922 930 1128 970 transferri.
1463 961 1492 998 9

171 1002 217 1042 C.
249 1000 375 1051 Quid,
401 1000 442 1038 in
470 998 693 1038 narratione
722 1012 824 1049 quae
853 998 1015 1036 tandem
1049 996 1297 1035 observanda
1325 995 1446 1033 sunt?
1468 1020 1503 1050 31

119 1068 159 1104 P.
182 1066 384 1116 Quoniam
405 1064 575 1103 narratio
595 1072 653 1103 est
674 1077 802 1102 rerum
823 1061 1032 1113 explicatio
1058 1069 1096 1100 et
1116 1062 1314 1112 quaedam
1334 1059 1447 1110 quasi

0 1177 2 1191 Ι
117 1132 231 1171 sedes
261 1139 301 1170 et
334 1132 637 1169 fundamentum
667 1128 970 1167 constituendae
1000 1126 1103 1174 fidei,
1135 1139 1182 1165 ea
1210 1133 1302 1164 sunt
1330 1125 1370 1163 in
1401 1138 1448 1163 ea

0 1194 2 1240 ἒ
60 1212 98 1247 ¹5
118 1198 310 1236 servanda
328 1195 509 1243 maxime,
531 1208 634 1245 quae
659 1194 778 1233 etiam
799 1193 840 1232 in
859 1192 1019 1243 reliquis
1038 1193 1119 1231 fere
1145 1190 1307 1230 dicendi
1335 1189 1449 1241 parti·

118 1262 191 1301 bus
206 1276 217 1311 3
258 1276 360 1312 quae
397 1260 538 1312 partim
576 1267 668 1298 sunt
705 1258 934 1306 necessaria,
970 1257 1111 1309 partim
1149 1257 1360 1306 adsumpta
1396 1256 1448 1294 ad

117 1328 350 1367 ornandum.
428 1327 533 1365 Nam
572 1333 615 1364 ut
652 1324 826 1364 dilucide
869 1322 1204 1374 probabiliterque
1244 1333 1446 1359 narremus

118 1391 382 1432 necessarium
411 1399 481 1438 est,
512 1391 583 1430 sed
615 1389 862 1429 adsumimus
887 1388 1006 1428 etiam
1038 1386 1282 1426 suavitatem.
1342 1387 1446 1436 Ergo
1467 1402 1507 1434 32

117 1459 168 1497 ad
187 1457 362 1497 dilucide
390 1457 628 1495 narrandum
658 1456 798 1495 eadem
822 1454 889 1493 illa
917 1452 1117 1504 superiora
1145 1450 1383 1502 explanandi
1409 1457 1448 1489 et

0 1554 2 1574 2
60 1542 100 1567 ιο
118 1522 351 1562 inlustrandi
379 1528 589 1573 praecepta
617 1528 851 1571 repetemus,
883 1519 924 1558 in
953 1518 1097 1570 quibus
1127 1517 1176 1556 sit
1205 1516 1373 1556 brevitas
1403 1529 1449 1554 ea

118 1601 220 1639 quae
241 1586 468 1638 saepissime
488 1585 528 1624 in
549 1585 770 1624 narratione
789 1586 982 1631 laudatur,
997 1585 1048 1623 de
1068 1596 1146 1634 qua
1166 1596 1283 1633 supra
1298 1581 1449 1620 dictum

118 1661 188 1693 est.
247 1651 468 1691 Probabilis
501 1659 635 1690 autem
666 1650 749 1698 erit,
782 1650 815 1689 si
845 1648 1035 1701 personis,
1066 1647 1099 1686 si
1131 1646 1387 1698 temporibus,
1419 1647 1451 1686 si

120 1718 217 1758 locis
245 1731 293 1756 ea
330 1730 432 1767 quae
461 1716 722 1755 narrabuntur
759 1713 1009 1754 consentient
1024 1728 1035 1761 3
1071 1712 1104 1751 si
1137 1711 1329 1762 cuiusque
1359 1712 1451 1750 facti

120 1790 159 1822 et
178 1781 309 1821 eventi
337 1794 456 1820 causa
483 1788 653 1832 ponetur
666 1794 676 1828 ;
705 1779 737 1818 si
763 1787 904 1818 testata
930 1777 1009 1817 dici
1029 1776 1278 1823 videbuntur,
1301 1775 1333 1814 si
1359 1789 1451 1814 cum

61 1866 101 1899 ²5
122 1846 329 1886 hominum
350 1845 538 1896 opinione
557 1843 800 1891 auctoritate,
823 1843 855 1882 si
874 1856 965 1882 cum
986 1843 1082 1892 lege,
1105 1854 1196 1880 cum
1217 1854 1337 1888 more,
1359 1854 1453 1879 cum

122 1911 309 1962 religione
337 1910 550 1949 coniuncta
564 1925 575 1958 3
607 1909 640 1948 si
670 1908 845 1960 probitas
874 1906 1066 1946 narrantis
1095 1906 1388 1957 significabitur,
1420 1905 1454 1944 si-

121 1975 344 2027 antiquitas,
378 1975 409 2014 si
444 1974 645 2023 memoria,
681 1974 713 2013 si
744 1973 932 2013 orationis
965 1971 1106 2011 veritas
1137 1979 1176 2011 et
1206 1971 1308 2010 vitae
1340 1972 1450 2010 fides.

122 2041 259 2082 Suavis
288 2048 421 2080 autem
450 2039 621 2079 narratio
649 2047 709 2079 est
737 2052 840 2090 quae
868 2038 988 2077 habet
1013 2036 1294 2076 admirationes
1321 2049 1454 2087 exspe-

121 2106 313 2146 ctationes
346 2105 471 2145 exitus
505 2105 741 2156 inopinatos,
772 2102 1023 2154 interpositos
1056 2110 1187 2142 motus
1217 2101 1452 2148 animorum,

63 2189 104 2221 30
121 2171 335 2222 conloquia
367 2183 635 2222 personarum,
667 2171 825 2209 dolores
861 2167 1083 2207 iracundias
1121 2174 1251 2206 metus
1288 2165 1454 2205 laetitias
1505 2154 1509 2160 ⁸

123 2235 369 2287 cupiditates.
427 2237 507 2275 Sed
527 2235 605 2274 iam
625 2235 678 2274 ad
697 2233 846 2285 reliqua
865 2246 1084 2284 pergamus.

166 2351 186 2372 2
209 2340 344 2372 traferri
362 2339 507 2372 Stroebel
522 2351 529 2371 :
554 2338 633 2370 ferri
649 2338 702 2370 P:
726 2336 844 2369 referri
860 2337 924 2368 sive
939 2335 1087 2368 conferri
1103 2334 1193 2366 codd.
1210 2333 1284 2366 dett.
1434 2342 1455 2372 5

121 2385 235 2424 agitur
250 2383 284 2414 P
437 2383 477 2414 18
500 2383 561 2414 sed
581 2382 671 2423 vulg.
689 2393 697 2414 ε
720 2382 748 2413 si
765 2380 856 2413 codd.
873 2380 947 2412 dett.
1069 2379 1270 2410 assumimus
1284 2377 1337 2409 P:
1359 2387 1456 2409 assu·

124 2437 255 2459 memus
270 2427 337 2458 sive
350 2437 562 2458 assumamus
578 2426 667 2458 codd.
684 2425 759 2457 dett.
891 2434 935 2464 29
956 2424 986 2455 si
1002 2422 1225 2463 interpositos
1240 2421 1276 2453 P

166 2507 231 2530 cxc.
251 2507 395 2530 ORATOR
1327 2493 1367 2524 14
