1696 2730
219 163 304 214 825
634 167 691 204 M.
732 165 902 204 TVLLI
942 165 1252 206 CICERONIS

261 287 440 328 funditus
470 288 776 339 repudiaverunt
789 303 800 337 3
833 301 1003 340 quorum
1033 301 1189 339 semper
1221 287 1294 327 fuit
1324 287 1500 339 prudens
1528 287 1603 327 sin-

262 367 478 405 cerumque
496 353 703 403 iudicium,
715 353 814 392 nihil
834 361 877 393 ut
896 361 1059 405 possent
1079 353 1154 392 nisi
1174 353 1446 405 incorruptum
1465 353 1602 394 audire

262 423 302 455 et
333 418 502 467 elegans.
563 419 713 456 Eorum
744 416 928 467 religioni
958 430 1050 455 cum
1083 415 1242 456 serviret
1275 423 1416 464 orator,
1447 417 1600 455 nullum

202 495 243 527 26
262 482 427 521 verbum
447 481 634 531 insolens,
656 484 810 521 nullum
831 482 1018 521 odiosum
1039 495 1188 532 ponere
1214 482 1398 520 audebat.
1458 483 1600 532 Itaque

261 547 341 596 hic,
374 561 494 598 quem
528 547 769 598 praestitisse
802 547 973 586 diximus
1007 546 1157 595 ceteris,
1192 546 1234 586 in
1271 546 1337 586 illa
1373 560 1446 598 pro
1477 546 1602 587 Ctesi-

260 613 412 663 phonte
442 612 620 652 oratione
646 615 764 664 longe
784 612 936 663 optima
955 611 1204 651 summissius
1227 625 1251 650 a
1276 611 1416 663 primo,
1439 611 1597 661 deinde,

260 678 357 716 dum
389 678 439 717 de
470 678 623 729 legibus
653 678 839 729 disputat,
870 677 1056 729 pressius,
1085 685 1176 728 post
1205 676 1352 716 sensim
1380 676 1599 718 incendens

258 742 422 791 iudices,
444 751 488 782 ut
506 743 604 783 vidit
624 743 809 792 ardentis,
832 743 872 782 in
892 743 1052 794 reliquis
1073 742 1281 782 exsultavit
1291 742 1492 782 audacius.
1538 745 1600 782 Ac

258 815 393 847 tamen
412 808 454 847 in
474 809 552 848 hoc
572 808 660 859 ipso
681 808 888 859 diligenter
907 808 1160 847 examinante
1179 808 1390 847 verborum
1416 807 1598 847 omnium

258 874 437 924 pondera
468 874 722 924 reprehendit
751 873 973 913 Aeschines
1006 874 1204 924 quaedam
1235 880 1274 913 et
1304 873 1472 924 exagitat
1500 873 1598 913 inlu-

258 939 452 989 densque·
477 940 576 978 dura
606 939 747 978 odiosa
776 939 1040 978 intolerabilia
1069 952 1155 978 esse
1188 938 1285 978 dicit
1298 953 1310 988 ,-
1351 939 1448 990 quin
1477 939 1596 979 etiam

258 1004 413 1054 quaerit
437 1005 489 1043 ab
518 1004 619 1056 ipso,
640 1018 731 1044 cum
761 1004 925 1055 quidem
954 1018 1047 1044 eum
1070 1004 1231 1049 beluam
1259 1005 1442 1056 appellat,
1464 1012 1596 1044 utrum

258 1068 325 1108 illa
354 1070 474 1109 verba
503 1083 555 1108 an
579 1077 761 1121 portenta
789 1070 867 1109 sint
881 1085 891 1119 3
929 1077 973 1109 ut
1003 1069 1192 1109 Aeschini
1221 1083 1271 1109 ne
1302 1071 1596 1111 Demosthenes

199 1147 239 1184 ²7
258 1134 422 1185 quidem
456 1135 636 1175 videatur
668 1135 801 1176 Attice
835 1136 976 1175 dicere.
1036 1135 1168 1175 Facile
1199 1142 1258 1174 est
1288 1134 1396 1175 enim
1428 1136 1594 1176 verbum

256 1199 421 1250 aliquod
454 1202 608 1249 ardens,
639 1208 683 1239 ut
713 1200 767 1239 ita
797 1200 942 1250 dicam,
971 1207 1108 1240 notare
1139 1200 1262 1252 idque
1290 1200 1485 1241 restinctis
1513 1201 1592 1241 iam

255 1264 480 1304 animorum
511 1265 706 1305 incendiis
739 1265 919 1305 inridere.
980 1267 1122 1317 Itaque
1159 1279 1202 1306 se
1235 1279 1406 1318 purgans
1443 1266 1594 1306 iocatur

258 1331 577 1370 Demosthenes:
612 1338 730 1382 negat
756 1331 797 1369 in
821 1345 871 1370 eo
896 1331 1045 1382 positas
1075 1345 1162 1370 esse
1185 1332 1362 1371 fortunas
1390 1331 1591 1381 Graeciae,

255 1395 400 1434 hocine
437 1409 489 1434 an
527 1395 596 1436 illo
633 1397 756 1436 verbo
794 1410 887 1435 usus
926 1396 986 1444 sit,
1027 1396 1173 1436 hucine
1209 1410 1262 1436 an
1299 1396 1392 1436 illuc
1430 1411 1593 1437 manum

255 1460 479 1511 porrexerit.
558 1462 746 1511 Quonam
785 1461 901 1513 igitur
940 1463 1061 1501 modo
1099 1462 1300 1502 audiretur
1346 1465 1485 1513 Mysus
1525 1470 1594 1502 aut

255 1527 385 1577 Phryx
405 1526 585 1574 Athenis,
608 1540 700 1566 cum
728 1527 845 1566 etiam
872 1529 1167 1567 Demosthenes
1191 1527 1407 1579 exagitetur
1431 1535 1476 1567 ut
1494 1527 1595 1580 puti—

254 1592 359 1630 dus?
416 1593 521 1632 Cum
547 1605 640 1631 vero
666 1591 854 1631 inclinata
883 1591 1131 1643 ululantique
1156 1606 1255 1632 voce
1283 1606 1393 1632 more
1415 1593 1593 1645 Asiatico

254 1670 396 1696 canere
415 1657 623 1709 coepisset,
638 1657 725 1708 quis
742 1671 834 1696 eum
855 1659 971 1697 ferret
990 1665 1058 1696 aut
1078 1657 1210 1709 potius
1230 1657 1319 1709 quis
1338 1671 1422 1698 non
1440 1658 1593 1699 iuberet

254 1722 426 1761 auferri?

309 1789 376 1827 Ad
409 1788 633 1828 Atticorum
672 1788 788 1840 igitur
815 1788 919 1828 auris
958 1795 1100 1828 teretes
1138 1796 1177 1829 et
1210 1788 1409 1840 religiosas
1443 1789 1512 1841 qui
1549 1803 1592 1830 se

254 1855 574 1903 accommodant,
596 1853 633 1893 ei
656 1861 748 1893 sunt
774 1853 1026 1894 existimandi
1049 1854 1181 1894 Attice
1205 1854 1347 1895 dicere.
1407 1856 1590 1905 Quorum

252 1931 398 1968 genera
429 1920 541 1969 plura
565 1926 656 1958 sunt
670 1934 680 1968 ;
724 1919 765 1958 hi
794 1933 919 1958 unum
949 1921 1072 1959 modo
1102 1921 1219 1971 quale
1248 1920 1297 1959 sit
1327 1920 1587 1971 suspicantur.

253 1985 400 2022 Putant
420 1983 527 2023 enim
547 1984 615 2035 qui
635 1985 794 2024 horride
813 1984 1042 2035 inculteque
1062 1984 1179 2033 dicat,
1194 1986 1318 2024 modo
1332 1985 1374 2024 id
1394 1986 1592 2036 eleganter

252 2050 539 2099 enucleateque
577 2049 705 2098 faciat,
746 2064 837 2089 eum
877 2051 1007 2089 solum
1045 2050 1178 2090 Attice
1215 2050 1357 2090 dicere.
1435 2052 1589 2100 Errant,

192 2137 234 2171 29
253 2115 363 2165 quod
397 2116 525 2154 solum
541 2129 552 2163 3
594 2116 704 2166 quod
738 2115 881 2164 Attice,
913 2129 996 2155 non
1025 2117 1221 2155 falluntur.
1281 2117 1454 2155 Istorum
1483 2117 1591 2157 enim

206 1769 235 1807 9

196 1819 237 1851 28

298 2228 334 2249 11
363 2219 446 2250 dura
464 2219 518 2250 L:
544 2218 615 2250 dira
638 2218 727 2259 vulg.
757 2220 765 2236 ⁴
779 2218 912 2251 Graeco
934 2219 1040 2251 verbo
1064 2218 1194 2259 (μιαρά)
1219 2219 1341 2251 melius
1364 2220 1591 2260 responderet

251 2261 386 2302 impura
404 2263 457 2293 vel
469 2262 589 2303 putida
602 2262 610 2276 ’
621 2263 758 2302 Sandys
882 2273 921 2294 12
945 2263 1095 2304 appellat
1111 2262 1154 2293 M
1169 2263 1311 2295 Goeller:
1333 2263 1483 2304 appellet
1495 2264 1591 2296 FPO

254 2306 292 2335 18
316 2306 439 2337 hocine
457 2330 463 2338 .
482 2330 489 2338 .
508 2330 515 2338 .
532 2307 577 2337 sit
591 2305 728 2347 Sauppe
741 2317 780 2337 ex
797 2306 888 2347 Aug.
907 2307 942 2338 in
960 2307 1060 2338 cresc.
1079 2307 1112 2338 ii.
1130 2317 1158 2347 1,
1178 2317 1208 2346 2,
1227 2306 1386 2338 Ambros.
1407 2307 1441 2338 in
1458 2307 1538 2340 Luc.
1556 2308 1588 2340 ii.

251 2359 293 2387 42
405 2350 439 2380 in
467 2350 531 2381 hoc
559 2350 594 2380 in
626 2360 703 2381 eum
732 2349 788 2381 L:
828 2350 892 2382 hoc
923 2361 968 2382 an
993 2351 1076 2382 illud
1101 2350 1243 2382 verbum
1269 2350 1395 2382 dixerit
1415 2349 1591 2384 Strebaeue

253 2402 294 2431 24
319 2402 419 2424 aures
450 2394 558 2434 vulg:
597 2398 654 2425 aut
681 2403 738 2425 res
764 2394 794 2425 L

1619 564 1636 597 5

1620 891 1660 914 10

1616 1217 1653 1249 ¹5

1615 1544 1656 1565 20

1613 1870 1650 1902 ²5
