1630 2730
144 180 195 220 27

132 422 195 455 106

141 1177 193 1214 28

132 1245 192 1279 107

131 1673 194 1704 108

216 171 278 204 105
546 157 603 196 M.
634 156 805 195 TVLLI
835 154 1145 196 CICERONIS

213 271 372 308 dulcem
403 276 442 308 et
469 269 713 319 perfacetum
742 267 862 308 fuisse
891 267 1076 316 dicebat;
1108 267 1284 307 addebat
1312 265 1551 306 industrium

214 334 333 374 etiam
350 342 389 373 et
404 334 634 385 diligentem
650 341 689 373 et
709 333 749 372 in
766 333 1111 373 exercitationibus
1131 331 1552 372 commentationibus-

215 414 293 451 que
314 401 481 438 multum
503 413 646 450 operae
667 399 827 439 solitum
847 412 933 438 esse
959 412 1120 449 ponere.
1179 398 1261 437 Hic
1281 397 1456 448 optimus
1475 397 1551 437 illis

213 465 459 516 temporibus
479 474 538 504 est
558 473 747 516 patronus
767 464 925 504 habitus
945 478 1074 515 eoque
1101 466 1230 503 forum
1250 470 1411 503 tenente
1439 465 1552 514 plura

214 530 296 570 fieri
316 530 463 570 iudicia
482 538 709 581 coeperunt.
769 531 874 569 Nam
901 537 941 569 et
960 529 1213 580 quaestiones
1237 536 1450 580 perpetuae
1473 529 1551 568 hoc

212 597 469 636 adulescente
510 596 749 636 constitutae
787 603 879 635 sunt
913 609 1016 646 quae
1048 603 1166 635 antea
1199 596 1331 634 nullae
1368 596 1552 644 suerunt3

214 664 258 700 L.
290 662 397 701 enim
433 662 525 701 Piso
556 662 737 701 tribunus
771 660 898 712 plebis
929 663 1055 711 legem
1094 661 1244 712 primus
1282 662 1334 700 de
1371 659 1551 711 pecuniis

213 728 443 778 repetundis
487 727 710 768 Censorino
753 735 792 766 et
832 726 1002 766 Manilio
1046 726 1278 766 consulibus
1322 725 1552 777 tulit—-ipse

213 793 332 832 etiam
354 793 446 832 Piso
467 801 505 832 et
525 806 663 832 causas
683 792 762 843 egit
785 800 824 831 et
844 793 1057 831 multarum
1077 794 1206 842 legum
1234 799 1303 831 aut
1326 799 1466 831 auctor
1483 798 1552 830 aut

213 859 413 899 dissuasor
432 859 514 907 fuit,
538 859 650 910 isque
679 867 719 898 et
747 858 945 897 orationes
964 857 1132 909 reliquit,
1154 872 1257 909 quae
1282 857 1362 896 iam
1385 871 1552 898 evanue-

212 932 313 972 runt,
337 933 375 964 et
403 925 556 964 annalis
585 938 680 963 sane
709 923 859 963 exiliter
887 923 1132 974 scriptos—5
1161 931 1200 963 et
1225 923 1373 964 iudicia
1399 924 1549 976 populi,

213 990 358 1041 quibus
395 992 531 1029 aderat
564 991 708 1037 Carbo,
741 989 819 1028 iam
855 989 979 1040 magis
1012 997 1224 1040 patronum
1258 989 1549 1039 desiderabant,

212 1056 358 1095 tabella
386 1057 502 1104 data3
537 1069 657 1106 quam
686 1057 813 1105 legem
845 1057 889 1094 L.
913 1055 1074 1095 Cassius
1104 1054 1260 1106 Lepido
1288 1063 1328 1095 et
1358 1055 1552 1096 Mancino

212 1120 443 1160 consulibus
463 1120 561 1159 tulit.

266 1188 408 1225 Vester
445 1186 565 1225 etiam
601 1188 650 1225 D.
688 1188 832 1225 Brutus
867 1187 924 1224 M.
957 1186 1071 1234 filius,
1103 1193 1146 1225 ut
1177 1200 1224 1226 ex
1254 1186 1434 1226 familiari
1464 1186 1548 1228 eius

213 1254 257 1291 L.
284 1252 410 1291 Accio
443 1260 562 1303 poeta
595 1266 682 1291 sum
716 1252 854 1291 audire
887 1252 1036 1300 solitus,
1063 1260 1102 1291 et
1130 1252 1262 1292 dicere
1290 1267 1372 1292 non
1401 1253 1550 1293 inculte

212 1318 366 1356 solebat
400 1325 439 1356 et
467 1325 549 1356 erat
578 1331 669 1356 cum
699 1317 836 1356 litteris
866 1317 1017 1357 Latinis
1046 1326 1131 1357 tum
1165 1318 1284 1357 etiam
1315 1318 1477 1358 Graecis
1507 1326 1551 1358 ut

213 1383 458 1434 temporibus
501 1382 576 1421 illis
614 1382 802 1422 eruditus.
862 1385 978 1433 Quae
1015 1383 1214 1423 tribuebat
1257 1383 1364 1423 idem
1402 1384 1550 1438 Accius

212 1448 331 1488 etiam
353 1449 402 1498 Q.
428 1448 607 1487 Maximo
629 1450 672 1487 L.
692 1448 818 1487 Paulli
845 1449 981 1499 nepoti
997 1463 1006 1497 ;
1035 1456 1074 1488 et
1093 1462 1186 1488 vero
1205 1457 1298 1488 ante
1326 1449 1549 1489 Maximum

211 1513 323 1552 illum
358 1513 597 1564 Scipionem,
631 1527 712 1564 quo
745 1515 848 1553 duce
881 1514 1034 1564 privato
1064 1514 1125 1553 Ti.
1160 1516 1364 1554 Gracchus
1393 1515 1549 1555 occisus

212 1587 327 1627 esset,
342 1593 434 1618 cum
455 1579 642 1619 omnibus
663 1580 703 1618 in
724 1580 842 1619 rebus
862 1581 1141 1619 vehementem
1162 1589 1247 1619 tum
1266 1594 1398 1620 acrem
1418 1580 1550 1620 aiebat

211 1644 252 1683 in
273 1644 446 1684 dicendo
466 1644 596 1684 fuisse.
655 1647 691 1684 T
695 1659 761 1684 um
781 1645 901 1685 etiam
923 1648 964 1685 P.
987 1647 1182 1685 Lentulus
1207 1646 1273 1686 ille
1292 1646 1476 1698 princeps
1498 1647 1551 1686 ad

211 1723 294 1749 rem
332 1710 534 1761 publicam
573 1712 778 1750 dumtaxat
816 1712 926 1762 quod
960 1725 1061 1762 opus
1092 1719 1195 1751 esset
1232 1712 1326 1751 satis
1362 1711 1551 1752 habuisse

212 1776 464 1827 eloquentiae
485 1776 629 1815 dicitur
642 1791 653 1825 3
682 1776 891 1827 isdemque
911 1777 1157 1828 temporibus
1182 1779 1225 1817 L.
1249 1778 1389 1818 Furius
1410 1778 1547 1817 Philus

210 1842 385 1892 perbene
406 1842 548 1881 Latine
574 1842 684 1893 loqui
713 1831 926 1893 putabatur
950 1842 1236 1894 litteratiusque
1262 1857 1383 1895 quam
1403 1844 1522 1884 ceteri
1535 1859 1547 1894 3

212 1908 254 1945 P.
273 1908 463 1946 Scaevola
477 1909 593 1946 valde
613 1909 828 1958 prudenter
847 1916 886 1947 et
900 1916 1016 1947 acute
1030 1923 1041 1957 3
1069 1911 1188 1959 paulo
1208 1909 1327 1948 etiam
1347 1909 1548 1961 copiosius

212 1985 286 2011 nec
325 1974 451 2011 multo
482 1972 614 2012 minus
647 1975 864 2024 prudenter
898 1976 966 2013 M'.
1004 1974 1204 2013 Manilius.
1262 1974 1371 2026 Appi
1405 1976 1549 2016 Claudi

211 2037 407 2086 volubilis,
430 2039 500 2077 sed
520 2040 639 2089 paulo
659 2038 844 2078 fervidior
863 2039 998 2078 oratio.
1054 2042 1148 2078 Erat
1167 2040 1208 2078 in
1227 2040 1362 2091 aliquo
1382 2055 1550 2081 numero

212 2103 330 2143 etiam
353 2105 409 2142 M.
434 2103 595 2143 Fulvius
616 2106 782 2143 Flaccus
802 2112 840 2144 et
862 2106 906 2146 C.
931 2106 1044 2153 Cato,
1066 2105 1242 2145 Africani
1269 2106 1412 2146 sororis
1432 2107 1547 2156 filius,

257 2218 272 2238 1
298 2208 467 2247 dicebant,
487 2208 657 2240 addebant
679 2208 872 2240 Lambinus
1027 2219 1047 2240 2
1072 2211 1416 2243 commentationibus
1431 2213 1521 2254 vulg.
1539 2224 1547 2245 t

211 2252 563 2283 commendationibus
589 2251 619 2282 L
782 2264 821 2285 12
845 2253 965 2294 quibus
997 2254 1117 2285 aderat
1144 2255 1256 2286 Carbo
1281 2256 1350 2287 secl.
1379 2256 1552 2288 Eberhard

214 2304 266 2333 13.
287 2305 324 2333 14
349 2306 449 2335 quam
468 2320 475 2327 .
496 2320 503 2327 .
526 2321 534 2328 .
555 2296 631 2327 tulit
647 2296 714 2327 secl.
734 2296 826 2328 Bake
951 2299 990 2329 18
1013 2298 1181 2329 tribuebat
1203 2298 1403 2330 Tallemand
1414 2300 1549 2332 codicem

211 2339 375 2378 infim'oris
398 2343 492 2370 notae
505 2343 651 2371 secuius:
675 2340 838 2372 tribuerat
857 2340 886 2371 L
1023 2352 1064 2381 25
1090 2342 1242 2381 perbelle
1257 2342 1370 2374 BHM
1375 2343 1384 2361 ¹
1474 2344 1548 2376 lite-

212 2386 373 2422 ratusque
397 2383 540 2413 BHMG
716 2386 759 2415 28
782 2385 902 2417 oratio.
949 2385 1031 2416 Erat
1057 2385 1244 2418 Friedrich:
1270 2388 1380 2419 oratio
1403 2392 1477 2419 erat
1494 2387 1547 2420 L:

211 2426 331 2457 oratio.
379 2426 486 2458 Erant
513 2426 682 2459 Weidner:
709 2433 781 2460 erat
797 2429 903 2460 oratio
920 2429 1010 2470 vulg.

1571 541 1589 573 5

1572 873 1613 898 10

1571 1205 1611 1239 15

1570 1534 1611 1557 20

1568 1860 1615 1894 25.
