1696 2730
147 149 255 187 1045
560 141 617 180 M.
659 142 830 181 TVLLr
870 143 1182 185 CICERONIS

212 258 346 292 tamen
366 266 414 292 ex
432 253 541 303 locis,
557 262 600 293 ut
618 262 711 294 ante
731 255 824 304 dixi,
845 264 884 296 et
905 254 979 310 [in]
1007 256 1188 297 maximis
1214 264 1253 297 et
1273 256 1448 297 minimis
1469 255 1544 312 [in]

211 318 514 368 quaestionibus
534 328 767 371 argumenta
787 322 997 361 ducuntur.

266 384 452 435 Sequitur
483 384 784 425 similitudinem
814 386 1035 427 differentia
1063 387 1118 427 rei
1147 387 1318 428 maxime
1351 387 1546 428 contraria

211 449 401 500 superiori
415 465 447 499 ,χ
473 451 544 490 sed
581 459 641 490 est
678 451 858 491 eiusdem
896 444 1087 492 dissimile
1120 461 1160 492 et
1193 453 1320 493 simile
1356 453 1542 493 invenire.

211 514 309 554 Eius
346 516 499 567 generis
537 518 636 556 haec
676 525 790 557 sunt:
839 519 945 566 Non,
981 532 1100 569 quern
1139 520 1191 558 ad
1229 520 1397 558 modum
1435 521 1583 571 quod5

210 580 363 620 mulieri
387 581 545 629 debeas,
568 589 674 622 recte
693 582 767 634 ipsi
794 583 947 622 mulieri
967 583 1051 623 sine
1071 591 1200 624 tutore
1219 592 1380 624 auctore
1404 587 1542 633 solvas,

209 645 319 693 item,
338 648 447 697 quod
474 647 627 698 pupillo
652 656 721 687 aut
746 648 919 699 pupillae
940 650 1098 697 debeas,
1121 657 1226 689 recte
1253 650 1380 701 possis
1399 652 1543 690 eodem

148 721 190 757 47
210 713 332 751 modo
359 714 519 752 solvere.
580 713 781 764 Deinceps
807 715 918 753 locus
945 722 1004 754 est
1024 715 1092 766 qui
1118 729 1140 754 e
1166 716 1363 755 contrario
1389 715 1543 756 dicitur.

209 778 508 817 Contrariorum
541 787 675 818 autem
705 793 850 830 genera
878 782 1015 831 plura3
1052 795 1177 820 unum
1204 795 1342 821 eorum
1372 795 1475 833 quae
1503 781 1544 821 in
1686 779 1696 828 ἐ,

208 844 351 882 eodem
390 857 533 894 genere
570 844 783 896 plurimum
824 845 1024 895 differunt,
1057 854 1100 885 ut
1138 846 1331 898 sapientia
1367 846 1542 888 stultitia.
1565 863 1606 887 ιο

210 910 366 948 Eodem
393 917 526 948 autem
551 924 694 961 genere
713 911 900 951 dicuntur
925 912 1071 963 quibus
1097 913 1309 964 propositis
1334 921 1546 953 occurrunt

208 982 412 1026 tamquam
433 989 455 1014 e
475 975 635 1026 regione
655 978 852 1027 quaedam
874 978 1077 1026 contraria,
1101 986 1143 1018 ut
1163 979 1351 1018 celeritati
1370 979 1542 1027 tarditas,

208 1054 290 1079 non
325 1040 518 1080 debilitas.
579 1043 640 1080 Ex
678 1042 822 1093 quibus
857 1044 1061 1083 contrariis
1095 1052 1327 1096 argumenta
1360 1044 1452 1085 talia
1484 1060 1546 1086 ex-

207 1105 353 1145 istunt:
411 1105 453 1145 Si
497 1106 703 1146 stultitiam
747 1107 929 1158 fugimus,
970 1109 1206 1160 sapientiam
1250 1124 1463 1162 sequamur
1506 1119 1546 1150 et

208 1171 427 1210 bonitatem
468 1171 500 1211 si
538 1172 740 1212 malitiam.
819 1175 935 1214 Haec
973 1189 1076 1226 quae
1118 1190 1165 1215 ex
1207 1177 1351 1216 eodem
1401 1189 1545 1227 genere
1567 1189 1606 1222 15
1684 1168 1696 1251 ξ

148 1249 189 1289 48
206 1237 402 1275 contraria
435 1244 526 1276 sunt
554 1240 804 1289 appellantur
835 1241 1009 1280 adversa.
1081 1243 1181 1281 Sunt
1213 1241 1320 1281 enim
1349 1241 1424 1280 alia
1453 1255 1545 1281 con·
1683 1248 1696 1312 3

207 1302 332 1350 traria,
380 1316 482 1353 quae
529 1303 723 1354 privantia
771 1304 862 1344 licet
908 1308 1155 1357 appellemus
1203 1306 1355 1355 Latine,
1403 1305 1545 1346 Graeci
1686 1313 1696 1351 Ἰ

205 1369 408 1418 appellant
431 1371 642 1419 στερητικά.
703 1370 933 1421 Praeposito
954 1371 1061 1410 enim
1084 1371 1146 1410 ‘in
1160 1373 1168 1389 '
1188 1372 1360 1423 privatur
1378 1372 1544 1411 verbum
1694 1423 1696 1427 Α

206 1446 253 1471 ea
273 1432 320 1480 vi,
337 1447 456 1484 quam
473 1434 637 1474 haberet
657 1434 688 1473 si
709 1437 719 1455 ‘
734 1435 774 1473 in
788 1437 796 1453 '
817 1436 1085 1487 praepositum
1107 1451 1189 1477 non
1208 1437 1355 1485 fuisset,
1374 1437 1544 1488 dignitas
1686 1431 1696 1490 3

205 1498 432 1549 indignitas,
445 1500 670 1539 humanitas
686 1500 965 1550 inhumanitas,
983 1510 1022 1541 et
1037 1510 1167 1542 cetera
1180 1502 1334 1554 generis
1349 1502 1541 1552 eiusdem,
1565 1521 1605 1545 ιο

206 1577 375 1613 quorum
397 1565 601 1605 tractactio
622 1573 681 1605 est
701 1568 842 1606 eadem
863 1581 965 1618 quae
986 1568 1232 1619 superiorum
1253 1582 1355 1619 quae
1380 1570 1545 1609 adversa

144 1649 188 1682 49
206 1629 297 1669 dixi.
358 1631 465 1669 Nam
485 1631 563 1670 alia
582 1645 744 1682 quoque
770 1640 863 1671 sunt
889 1633 1175 1673 contrariorum
1195 1647 1350 1684 genera,
1370 1635 1479 1674 velut
1498 1648 1545 1674 ea

205 1709 307 1746 quae
337 1709 429 1735 cum
458 1696 592 1747 aliquo
622 1698 889 1747 conferuntur,
921 1707 964 1738 ut
992 1700 1160 1751 duplum
1189 1700 1391 1751 simplum,
1420 1702 1545 1740 multa

204 1774 341 1811 pauca,
364 1763 528 1812 longum
555 1763 686 1810 breve,
708 1763 835 1803 maius
863 1764 1005 1804 minus.
1065 1767 1166 1805 Sunt
1191 1765 1310 1805 etiam
1337 1765 1404 1805 illa
1426 1767 1542 1806 valde

204 1826 400 1866 contraria
427 1841 529 1878 quae
556 1830 805 1879 appellantur
830 1830 1016 1881 negantia
1030 1845 1040 1879 ,·
1069 1845 1115 1870 ea
1135 1834 1353 1882 ἀποφατικὰ
1376 1833 1541 1881 Graece,
1561 1847 1602 1880 ²5

204 1892 398 1931 contraria
423 1893 645 1933 aientibus:
680 1895 721 1934 Si
747 1896 825 1935 hoc
845 1904 914 1944 est,
937 1895 1035 1936 illud
1064 1911 1147 1936 non
1173 1905 1243 1937 est.
1304 1897 1414 1948 Quid
1433 1897 1539 1937 enim

204 1971 305 2008 opus
343 1961 526 2010 exemplo
564 1962 652 1999 est?
712 1962 888 2000 Tantum
931 1961 1190 2013 intellegatur,
1230 1963 1271 2002 in
1308 1971 1542 2015 argumento

203 2025 434 2073 quaerendo
454 2025 659 2064 contrariis
680 2026 867 2066 omnibus
887 2028 1082 2067 contraria
1101 2042 1183 2068 non
1203 2028 1426 2068 convenire.

146 2106 186 2137 50
257 2090 323 2128 Ab
342 2089 540 2130 adiunctis
559 2098 693 2131 autem
713 2092 828 2143 posui
848 2092 1035 2144 equidem
1051 2096 1276 2146 exemplum
1296 2096 1416 2146 paulo
1435 2102 1539 2144 ante,

205 2156 329 2193 multa
357 2155 530 2206 adiungi,
559 2170 661 2207 quae
691 2157 944 2208 suscipienda
972 2167 1104 2199 essent
1131 2159 1163 2198 si
1192 2160 1464 2200 statuissemus
1493 2174 1541 2200 ex
1560 2177 1602 2208 30

204 2219 338 2259 edicto
371 2223 593 2261 secundum
628 2235 694 2262 eas
727 2223 882 2263 tabulas
920 2225 1214 2275 possessionem
1247 2226 1346 2275 dari,
1376 2239 1474 2277 quas
1507 2226 1541 2266 is

203 2285 436 2325 instituisset
462 2287 526 2326 cui
546 2288 772 2328 testamenti
798 2289 918 2329 factio
944 2292 1053 2330 nulla
1072 2299 1185 2330 esset.
1245 2293 1324 2331 Sed
1343 2293 1455 2331 locus
1475 2291 1540 2331 hic

155 362 192 389 ΙΙ

148 411 193 453 46

1686 500 1696 527 ,C

251 2401 264 2420 1
291 2391 327 2421 in
344 2401 410 2422 om.
429 2391 518 2424 codd.
608 2393 642 2423 in
660 2393 808 2425 minimis
827 2394 888 2435 Of:
914 2395 948 2426 in
964 2406 1031 2427 om.
1055 2394 1090 2426 V
1242 2398 1281 2427 16
1305 2397 1449 2429 adversa
1477 2397 1540 2437 Of:

204 2434 338 2465 diversa
354 2434 442 2466 codd.
664 2447 706 2476 25
731 2449 772 2469 ea
788 2449 854 2470 om.
869 2439 902 2470 A
998 2440 1130 2472 Graece
1146 2439 1260 2479 A'Of:
1287 2440 1412 2473 Graeci
1428 2441 1517 2474 codd.
1531 2453 1550 2478 t,

206 2477 403 2518 (ἀποφατικὰ
419 2478 558 2522 Graeci)
576 2480 748 2512 aientibus
764 2481 907 2524 Madvig
