1630 2730
116 200 170 238 33
194 197 255 229 126
548 193 605 231 M.
646 193 816 231 TVLLI
857 193 1167 233 CICERONIS

190 317 270 343 non
283 304 450 344 accessit
463 305 650 356 operibus
666 304 750 345 eius
767 320 778 354 3
798 307 996 356 praeclare
1008 305 1196 345 incohata
1210 307 1527 358 multa,perfecta

187 383 268 407 non
303 371 431 420 plane.
491 371 715 421 Legendus,
747 370 922 422 inquam,
958 379 1017 410 est
1051 371 1117 410 hic
1149 379 1290 419 orator,
1327 373 1459 420 Brute,
1493 371 1525 411 si

185 434 397 485 quisquam
435 434 547 484 alius,
588 435 811 485 iuventuti3
851 450 932 476 non
966 436 1072 475 enim
1108 438 1237 476 solum
1275 451 1418 477 acuere
1451 439 1522 478 sed

185 499 304 539 etiam
333 502 437 539 alere
466 500 669 551 ingenium
702 508 845 552 potest.

103 578 162 610 127
239 565 349 604 Huic
370 566 558 605 successit
578 566 696 606 aetati
718 568 763 607 C.
787 568 929 615 Galba,
949 567 1057 606 Servi
1077 567 1180 606 illius
1201 567 1518 619 eloquentissimi
1546 578 1564 610 5

183 630 252 668 viri
299 630 412 678 filius,
456 633 496 669 Ρ.
539 632 671 672 Crassi
719 632 943 683 eloquentis
995 641 1034 672 et
1082 633 1175 671 iuris
1223 633 1339 684 periti
1385 646 1518 685 gener.

184 696 421 734 Laudabant
441 697 549 735 hunc
568 703 698 747 patres
718 696 855 745 nostri,
875 698 1060 736 favebant
1081 697 1200 736 etiam
1221 705 1383 748 propter
1402 697 1523 748 patris

183 760 426 808 memoriam,
449 762 519 800 sed
540 761 684 800 cecidit
704 761 745 799 in
766 775 893 800 cursu.
955 763 1060 801 Nam
1095 762 1299 813 rogatione
1329 762 1524 812 Mamilia,

183 826 440 876 Iugurthinae
461 826 745 866 coniurationis
761 826 923 875 invidia,
939 841 1031 866 cum
1051 841 1123 878 pro
1145 841 1231 867 sese
1244 827 1329 879 ipse
1345 828 1520 877 dixisset,

181 905 391 942 oppressus
412 899 480 931 est.
542 894 679 931 Exstat
703 892 788 931 eius
818 892 1027 943 peroratio,
1050 893 1119 944 qui
1144 893 1323 944 epilogus
1351 882 1499 933 dicitur
1511 909 1526 944 ;
1550 908 1588 930 10

182 957 249 1007 qui
288 965 399 996 tanto
437 957 476 995 in
523 959 675 996 honore
720 957 852 1008 pueris
896 957 1014 997 nobis
1053 965 1135 997 erat
1180 965 1223 997 ut
1270 972 1362 998 eum
1402 958 1521 999 etiam

181 1022 458 1061 edisceremus.
520 1022 611 1071 Hic,
635 1022 703 1073 qui
716 1023 756 1061 in
770 1023 952 1074 conlegio
969 1025 1220 1063 sacerdotum
1242 1031 1356 1073 esset,
1371 1024 1522 1075 primus

181 1095 271 1138 post
307 1090 478 1127 Romam
510 1088 715 1128 conditam
747 1088 895 1128 iudicio
929 1089 1091 1140 publico
1122 1097 1182 1128 est
1216 1078 1519 1130 condemnatus.

184 1156 223 1192 P.
254 1153 399 1205 Scipio,
430 1153 498 1204 qui
528 1162 587 1193 est
613 1154 653 1192 in
684 1156 893 1193 consulatu
924 1162 1112 1202 mortuus,
1144 1168 1227 1194 non
1256 1156 1427 1195 multum
1455 1156 1521 1196 ille

181 1219 344 1270 quidem
374 1233 448 1259 nec
478 1233 596 1270 saepe
625 1220 795 1267 dicebat,
818 1221 888 1259 sed
918 1228 957 1259 et
988 1220 1129 1259 Latine
1158 1222 1364 1271 loquendo
1392 1221 1518 1261 cuivis
1548 1233 1584 1264 15

180 1293 262 1323 erat
281 1299 351 1336 par
370 1293 408 1324 et
429 1285 559 1324 omnis
579 1287 660 1324 sale
686 1285 918 1336 facetiisque
946 1286 1167 1337 superabat.
1229 1286 1326 1326 Eius
1352 1282 1532 1338 conlega*

182 1352 224 1388 L.
250 1350 382 1389 Bestia
402 1364 425 1388 a
448 1350 563 1389 bonis
583 1350 703 1389 initiis
725 1365 836 1390 orsus
857 1351 1078 1390 tribunatus
1092 1365 1229 1390 r--nam
1252 1354 1292 1391 P.
1318 1351 1517 1403 Popilium

180 1415 216 1452 vi
239 1416 283 1455 C.
308 1415 478 1454 Gracchi
499 1417 706 1466 expulsum
728 1429 798 1454 sua
817 1416 1021 1467 rogatione
1042 1417 1276 1465 restituit—‚
1294 1417 1351 1456 vir
1371 1425 1410 1456 et
1429 1431 1521 1457 acer

143 1476 144 1480 ¹
181 1488 220 1518 et
258 1494 340 1519 non
371 1480 596 1529 indisertus,
630 1481 748 1520 tristis
780 1481 905 1520 exitus
940 1482 1078 1521 habuit
1110 1484 1350 1522 consulatus.
1411 1484 1516 1522 Nam

180 1545 375 1585 invidiosa
395 1547 480 1596 lege
501 1544 700 1599 [Mamilia
720 1545 917 1600 quaestio]
940 1548 985 1587 C.
1010 1548 1180 1586 Galbam
1206 1549 1456 1587 sacerdotem
1481 1556 1522 1587 et
1547 1563 1587 1585 20

181 1619 366 1662 quattuor
395 1611 611 1651 consularis
643 1614 685 1651 L.
720 1612 893 1652 Bestiam
926 1614 969 1653 C.
1003 1614 1200 1653 Catonem
1231 1615 1295 1664 Sp.
1325 1613 1518 1652 Albinum

179 1677 387 1727 civemque
429 1677 810 1727 praestantissimum
857 1680 900 1716 L.
938 1678 1155 1728 Opimium,
1197 1678 1369 1718 Gracchi
1406 1678 1523 1718 inter-

179 1743 379 1790 fectorem,
402 1755 425 1780 a
444 1744 594 1792 populo
614 1744 854 1791 absolutum,
872 1757 963 1782 cum
978 1743 1009 1782 is
1026 1751 1164 1782 contra
1184 1743 1322 1794 populi
1339 1743 1516 1784 studium

99 1821 160 1854 ¹²9
179 1807 364 1856 stetisset,
385 1808 607 1846 Gracchani
621 1808 772 1848 iudices
794 1810 1045 1848 sustulerunt.
1107 1809 1240 1848 Huius
1261 1809 1462 1849 dissimilis
1479 1809 1520 1848 in

179 1872 380 1911 tribunatu
410 1873 641 1924 reliquaque
670 1873 780 1912 omni
811 1874 890 1913 vita
919 1868 1014 1913 civis
1044 1874 1249 1925 improbus
1271 1875 1316 1915 C.
1339 1874 1518 1915 Licinius
1544 1887 1583 1920 25

180 1940 311 1977 Nerva
342 1951 422 1977 non
453 1938 665 1978 indisertus
699 1939 782 1978 fuit.
838 1941 882 1980 C.
915 1939 1089 1979 Fimbria
1115 1939 1360 1991 temporibus
1392 1939 1519 1980 isdem

178 2004 269 2050 fere,
292 2004 362 2042 sed
382 2003 537 2053 longius
557 2012 685 2043 aetate
707 2012 928 2055 provectus,
946 2005 1105 2044 habitus
1121 2013 1180 2044 est
1201 2018 1308 2053 sane,
1327 2012 1371 2044 ut
1390 2004 1445 2045 ita
1461 2005 1520 2045 di-

179 2070 506 2117 ca⁴m,lutulentus
522 2067 743 2123 [patronus]
757 2084 871 2121 asper
885 2070 1102 2110 maledicus
1113 2086 1123 2118 ,-
1142 2084 1285 2121 genere
1299 2078 1384 2110 toto
1397 2073 1520 2122 paulo

178 2133 363 2173 fervidior
381 2141 501 2184 atque
521 2135 770 2183 commotior,
793 2135 997 2186 diligentia
1017 2143 1150 2175 tamen
1172 2143 1210 2175 et
1230 2135 1373 2175 virtute
1392 2136 1517 2176 animi

177 2207 297 2249 atque
317 2199 395 2238 vita
416 2200 546 2239 bonus
566 2209 703 2240 auctor
719 2200 758 2239 in
776 2209 915 2240 senatu
933 2217 943 2249 ;
971 2201 1079 2241 idem
1096 2201 1311 2241 tolerabilis
1324 2210 1516 2253 patronus
1542 2217 1584 2249 30

107 1136 162 1174 34

99 1187 162 1219 128

222 2312 241 2341 5
266 2302 305 2333 C.
337 2302 442 2333 Galba
467 2304 582 2344 vulga:
616 2314 648 2343 p.
677 2303 784 2335 Galba
811 2303 840 2334 L
934 2304 1099 2336 Seruilius
1124 2303 1288 2336 OBHM:
1313 2304 1471 2337 Serulius
1494 2306 1523 2337 C

177 2348 198 2376 8
223 2345 371 2377 Mamilia
396 2346 446 2378 F:
472 2347 614 2378 Manilio
644 2347 672 2378 C
847 2358 884 2387 17
907 2358 927 2379 a
945 2347 1021 2380 add.
1049 2348 1171 2379 Maller
1301 2358 1346 2380 20
1373 2348 1523 2382 Mamilia

177 2390 331 2428 quaestio
358 2390 426 2421 secl.
455 2390 551 2421 Peter
681 2402 722 2422 22
756 2391 792 2422 C.
821 2391 967 2422 Gracchi
994 2391 1120 2433 Stangl
1250 2403 1291 2433 24
1329 2392 1521 2425 Gracchum

178 2433 306 2464 iudices
322 2432 434 2463 BHM
564 2444 606 2474 25
632 2435 667 2466 P.
692 2435 844 2466 Licinius
860 2435 996 2466 Martha
1128 2436 1171 2466 28
1195 2436 1385 2470 lutulentus
1398 2436 1496 2476 Jahn
1513 2449 1522 2470 2

178 2477 371 2508 luculentus
388 2476 415 2506 L
436 2489 443 2508 :
467 2479 679 2510 truculentus
695 2479 830 2510 Ernesti
914 2484 1080 2519 patronus
1097 2480 1164 2511 secl.
1181 2479 1278 2518 jahn
