1630 2730
686 150 1013 191 PRAEFATIO

180 273 395 301 mcnxxxu
426 261 666 313 exscriptum
696 270 786 314 post
815 262 1014 315 perditum
1045 263 1299 303 Laudensem
1328 261 1392 302 vix
1420 261 1519 302 tanti

179 328 306 367 faeere
344 327 436 367 licet
474 327 612 379 quanti
650 328 743 368 fecit
782 329 954 377 Ellendt,
991 328 1171 379 quamvis
1210 336 1249 368 et
1280 329 1518 368 mendorum

179 406 306 443 paene
335 393 385 432 sit
409 393 597 433 immunis
618 401 657 433 et
682 393 926 445 antiquiores
951 394 1163 434 verborum
1190 395 1335 433 formas
1362 392 1518 444 saepius

180 466 322 498 teneat.
880 499 883 503 ,

235 526 283 563 In
305 523 489 564 codicum
512 523 750 564 lectionibus
779 524 1010 576 delegendis
1031 532 1070 565 et
1096 523 1365 568 exscribendis
1394 525 1520 564 multo

182 589 278 629 mihi
298 589 386 629 usui
413 598 495 629 erat
521 590 644 630 editio
665 591 847 630 Thomae
878 592 1041 642 Stang13
1081 604 1212 642 neque
1245 589 1518 630 recensionem

180 655 309 707 sprevi
343 655 533 695 Gulielmi
567 655 780 695 Friedrich.
850 657 1012 696 Praesto
1050 669 1211 707 quoque
1249 663 1331 695 erat
1368 663 1521 707 praeter

181 720 413 760 vetustiores
434 720 556 760 editio
578 720 731 761 Gallica
749 734 876 772 nuper
894 734 919 760 a
939 720 1043 760 Iulio
1065 721 1224 760 Martha
1244 721 1436 760 confecta.

236 788 480 827 ORATOREM
507 785 729 826 recensenti
752 800 835 826 non
858 787 970 826 deest
993 786 1181 825 auxilium
1206 784 1356 826 codicis
1381 784 1521 837 optimi

182 859 220 891 et
240 852 333 891 satis
353 851 506 902 antiqui
526 851 784 891 Abrincensis
803 851 930 904 (238),
952 865 1072 902 quem
1093 852 1238 891 ducem
1258 851 1359 891 inter
1373 850 1522 903 primos

182 917 305 957 habui
325 917 366 956 in
386 917 494 956 libris
510 918 561 957 de
578 918 744 957 Oratore
761 916 991 968 relegendis,
1011 917 1082 955 sed
1102 917 1167 955 hic
1182 929 1344 967 quoque
1359 915 1523 967 turpiter

184 982 337 1022 mutili:
378 996 470 1021 nam
500 983 621 1022 habet
650 991 804 1022 tantum
834 982 874 1032 ἐξ
901 996 1071 1033 91-191,
1101 984 1296 1033 231—238.
1357 983 1418 1021 Ex
1440 994 1522 1032 quo

183 1048 323 1088 codice
357 1058 509 1088 ceteros
540 1048 700 1088 mutilos
739 1061 825 1088 esse
859 1047 1056 1087 derivatos
1090 1047 1221 1087 omnis
1251 1046 1345 1087 satis
1383 1047 1524 1098 proba-

184 1113 312 1153 biliter
335 1114 473 1154 docuit
502 1115 757 1166 Heerdegen,
786 1127 886 1165 quos
915 1113 998 1153 iure
1027 1121 1163 1152 nostro
1185 1114 1392 1164 neglegere
1418 1111 1520 1152 licet.

184 1179 346 1219 Codicis
358 1188 492 1219 autem
506 1179 1044 1231 Abrincensis(A)lectiones
1059 1192 1215 1230 semper
1229 1180 1309 1218 fere
1324 1177 1525 1226 dedimus,

185 1259 316 1296 neque
346 1254 479 1285 tamen
513 1245 566 1285 ita
597 1254 640 1285 ut
674 1259 803 1285 meros
837 1244 978 1284 calami
1016 1258 1165 1284 errores
1196 1257 1352 1295 semper
1380 1242 1522 1295 dignos

185 1324 271 1350 esse
304 1320 533 1362 putaremus
559 1311 628 1362 qui
654 1310 976 1351 exscriberentur.
1037 1311 1085 1349 In
1115 1311 1193 1349 hoc
1227 1323 1388 1361 quoque
1421 1308 1523 1349 libro

186 1385 314 1416 textus
338 1376 488 1416 codicis
519 1377 622 1416 illius
654 1376 874 1416 Laudensis
902 1375 980 1415 iam
1004 1374 1159 1427 pridem
1187 1374 1383 1427 deperditi
1413 1373 1523 1414 testis

186 1443 380 1482 habemus
418 1442 578 1482 codices
614 1444 736 1482 Italos
774 1443 933 1482 saeculo
967 1440 1125 1481 decimo
1159 1440 1299 1492 quinto
1333 1446 1521 1488 exaratOS,

186 1521 355 1558 quorum
372 1521 613 1547 consensum
634 1507 732 1559 siglo
752 1509 788 1547 L
807 1507 949 1547 iterum
970 1505 1242 1546 indicavimus.
1302 1507 1362 1545 Ex
1377 1504 1523 1556 quibus

187 1581 374 1624 quattuor
403 1574 538 1624 Stangl
578 1574 723 1613 ducem
758 1571 883 1612 secuti
915 1571 1167 1612 adhibendos
1201 1584 1287 1610 esse
1325 1570 1521 1610 duximus.

192 1640 252 1677 l')e
281 1639 417 1678 FOM
446 1637 523 1676 iam
557 1651 675 1689 supra
708 1636 946 1676 docuimus:
985 1636 1050 1675 hic
1078 1636 1289 1675 addendus
1318 1636 1413 1674 P=
1433 1635 1522 1674 cod.

189 1703 390 1743 Palatinus
424 1705 537 1754 1469,
564 1717 645 1754 quo
674 1702 714 1741 in
743 1701 851 1742 libris
880 1703 931 1741 de
958 1702 1125 1742 Oratore
1150 1700 1211 1740 usi
1236 1713 1383 1740 sumus.
1443 1699 1525 1739 Hic

188 1769 266 1808 illic
297 1769 488 1809 lectiones
514 1768 665 1808 codicis
690 1766 986 1819 Vitebergensis
1014 1766 1090 1820 (f)
1115 1780 1138 1806 a
1163 1765 1366 1806 Friedrich
1392 1765 1524 1805 collati

188 1835 408 1874 exscribere
427 1834 586 1886 placuit,
640 1835 719 1873 Sed
739 1834 895 1873 turbam
916 1832 1101 1872 codicum
1122 1831 1447 1882 interpolatorum
1467 1832 1524 1871 fas

190 1914 275 1940 esse
296 1902 502 1952 neglegere
517 1899 666 1951 putavi,
680 1899 747 1950 qui
763 1899 796 1939 si
811 1898 899 1950 quis
917 1898 1016 1938 scire
1032 1897 1197 1937 voluerit
1212 1904 1310 1948 quot
1325 1904 1365 1936 et
1377 1904 1527 1948 quanta

189 1966 412 2014 erraverint,
446 1965 556 2005 adire
593 1964 728 2004 licebit
766 1977 951 2015 magnam
984 1962 1140 2014 copiam
1174 1975 1295 2013 quam
1328 1961 1526 2013 congessit

194 2032 433 2082 Heerdegen
467 2030 523 2069 vir
557 2038 750 2069 strenuus.
809 2030 888 2068 Sed
919 2028 952 2068 si
986 2027 1083 2079 quid
1118 2027 1208 2067 Itali
1237 2027 1332 2067 satis
1361 2026 1527 2067 feliciter

191 2103 453 2144 correxerunt,
474 2095 516 2135 id
542 2095 640 2146 siglo
672 2096 710 2133 V
728 2093 972 2147 (=vulgata)
993 2093 1138 2132 notavi.
1192 2095 1351 2132 Praeter
1376 2100 1525 2132 ceteras

192 2162 268 2201 iam
293 2169 625 2201 commemoratas
650 2160 868 2200 editionem
892 2159 1060 2210 Sandysi
1086 2158 1176 2208 mei,
1196 2158 1268 2198 viri
1293 2157 1524 2207 doctissimi,

193 2240 412 2278 numquam
433 2241 455 2266 e
476 2226 660 2266 manibus
680 2225 863 2277 deposui,
878 2238 925 2264 ex
940 2238 1019 2276 qua
1039 2231 1233 2276 quantum
1253 2225 1413 2272 fructus,
1429 2224 1526 2263 dum

193 2292 383 2332 iudicium
404 2291 507 2331 illius
523 2292 626 2331 bene
646 2291 856 2331 subactum
877 2303 1031 2341 sequor,
1047 2289 1202 2329 tulerim
1218 2289 1368 2340 ubique
1387 2296 1506 2340 patet.

250 2361 316 2397 DE
337 2359 507 2399 OPTIMO
528 2360 710 2398 GENERF,
731 2359 975 2398 ORATORVM
999 2356 1155 2396 libellus
1181 2362 1306 2395 exstat
1325 2354 1366 2394 in
1387 2354 1526 2395 codice

193 2433 348 2466 vetusto
378 2424 622 2476 Sangallensi
652 2427 729 2464 818
751 2425 812 2476 (G
839 2437 940 2463 saec.
966 2422 1034 2475 xi),
1054 2436 1174 2474 quem
1198 2421 1359 2461 unicum
1381 2422 1526 2462 ducem
