1630 2730
692 155 910 194 BRVTVS
1421 166 1467 204 41
1489 171 1501 193 1
1508 171 1525 204 5
1534 171 1548 193 1

133 277 267 309 autem
291 276 331 308 et
359 276 401 308 tu
430 268 555 319 probe
583 267 682 307 dicis
711 275 750 307 et
778 281 852 319 ego
881 267 1013 307 dicam
1042 268 1152 318 quod
1172 266 1311 306 sentio.
1371 269 1466 307 Non

135 334 241 373 enim
277 334 392 374 facile
422 347 542 385 quem
581 333 745 373 dixerim
784 335 873 384 plus
911 332 1018 372 studi
1050 346 1170 384 quam
1202 332 1312 371 illum
1347 340 1386 371 et
1414 335 1466 372 ad

135 400 350 440 dicendum
382 409 421 440 et
450 402 502 440 ad
529 388 662 440 'omnis
699 401 895 439 bonarum
933 413 1062 438 rerum
1100 399 1328 450 disciplinas
1358 399 1467 438 adhi-

134 465 278 506 buisse.
338 468 443 505 Nam
472 474 511 505 et
541 466 582 504 in
613 465 740 505 isdem
771 464 1118 504 exercitationibus
1146 464 1309 503 ineunte
1337 472 1466 503 aetate

96 542 115 574 5
135 531 280 570 fuimus
300 539 339 570 et
358 539 497 583 postea
516 545 596 570 una
617 532 809 570 Rhodum
835 530 900 570 ille
929 530 1048 569 etiam
1072 531 1272 580 profectus
1292 538 1361 577 est,
1384 544 1465 580 quo

135 596 274 636 melior
298 604 401 636 esset
429 604 469 635 et
497 595 652 636 doctior
665 611 675 644 3
704 603 743 634 et
771 595 866 634 inde
894 603 938 634 ut
968 595 1094 643 rediit,
1115 595 1271 635 videtur
1298 595 1396 634 mihi
1425 595 1465 634 in

135 662 311 700 secunda
328 669 411 701 arte
430 661 579 712 primus
599 674 685 700 esse
706 660 891 700 maluisse
906 674 1027 711 quam
1046 660 1087 699 in
1108 660 1234 711 prima
1253 662 1463 700 secundus.

134 728 268 777 Atque
301 727 409 766 haud
446 726 529 766 scio
559 740 610 765 an
648 739 717 777 par
754 725 998 776 principibus
1031 739 1117 765 esse
1149 725 1366 776 potuisset;
1395 727 1467 765 sed

134 793 298 831 fortasse
326 791 474 839 maluit,
510 791 552 831 id
582 793 692 842 quod
723 798 781 830 est
813 791 994 841 adeptus,
1026 792 1143 842 longe
1174 790 1355 830 omnium
1384 804 1466 829 non

11 884 13 886 -
77 875 118 897 10
134 856 313 896 eiusdem
341 858 463 896 modo
483 856 622 896 aetatis
646 857 716 895 sed
736 869 872 895 eorum
894 855 1013 895 etiam
1042 855 1111 906 qui
1137 855 1303 895 fuissent
1323 856 1363 894 in
1384 855 1466 895 iure

135 921 239 961 civili
285 936 371 962 esse
419 922 613 973 princeps.
711 921 793 960 Hic
845 923 1013 960 Brutus:
1070 921 1149 960 Ain
1196 923 1269 960 tu?
1324 921 1463 972 inquit.
1487 934 1548 966 152

137 986 322 1026 Etiamne
356 989 405 1036 Q.
437 989 650 1027 Scaevolae
679 986 858 1026 Servium
887 994 1067 1026 nostrum
1096 986 1335 1037 anteponis?
1402 986 1467 1026 Sic

134 1051 252 1099 enim,
274 1052 450 1103 inquam,
479 1055 611 1100 Brute,
639 1051 832 1100 existimo,
860 1051 953 1090 iuris
982 1051 1105 1090 civilis
1135 1065 1323 1103 magnum
1350 1065 1467 1090 usum

134 1125 174 1156 et
202 1119 311 1168 apud
342 1119 574 1157 Scaevolam
603 1125 643 1157 et
673 1118 781 1168 apud
812 1118 958 1156 multos
992 1116 1123 1164 fuisse,
1156 1124 1281 1157 artem
1315 1116 1355 1155 in
1389 1118 1467 1156 hoc

79 1200 116 1234 15
134 1195 241 1231 uno3
270 1184 380 1233 quod
410 1196 629 1233 numquam
665 1182 858 1221 effecisset
891 1182 1014 1233 ipsius
1052 1182 1146 1221 iuris
1184 1182 1359 1230 scientia,
1392 1182 1468 1221 nisi

30 1238 33 1242 ⁸
134 1261 223 1287 eam
244 1255 445 1298 praeterea
464 1247 668 1287 didicisset
690 1255 814 1287 artem
836 1261 938 1297 quae
961 1249 1122 1287 doceret
1141 1261 1224 1287 rem
1244 1247 1467 1286 universam

134 1312 306 1353 tribuere
331 1313 371 1352 in
398 1313 528 1363 partis,
551 1315 740 1352 latentem
769 1312 963 1363 explicare
992 1312 1235 1360 definiendo,
1257 1313 1468 1352 obscuram

135 1379 344 1429 explanare
377 1378 685 1429 interpretando,
717 1378 903 1428 ambigua
935 1377 1107 1428 primum
1140 1377 1284 1426 videre,
1321 1377 1468 1417 deinde

11 1491 13 1493 ι
136 1443 387 1494 distinguere,
426 1451 629 1495 postremo
666 1445 812 1483 habere
849 1445 1023 1494 regulam
1062 1457 1141 1494 qua
1173 1457 1264 1483 vera
1301 1451 1340 1483 et
1373 1444 1471 1482 falsa

79 1525 121 1548 20
137 1508 404 1549 iudicarentur
428 1517 468 1549 et
487 1523 590 1560 quae
609 1509 754 1560 quibus
780 1509 992 1560 propositis
1021 1516 1152 1549 essent
1175 1523 1358 1560 quaeque
1386 1524 1469 1549 non

137 1582 270 1614 essent
288 1575 584 1626 consequentia.
644 1575 726 1614 Hic
738 1575 845 1614 enim
860 1574 1002 1614 adtulit
1022 1576 1124 1614 hanc
1143 1583 1267 1615 artem
1288 1575 1468 1614 omnium
1491 1595 1527 1628 15
1535 1596 1553 1626 3

137 1639 279 1678 artium
303 1639 514 1679 maximam
541 1635 654 1690 quasi
679 1642 809 1679 lucem
835 1641 887 1679 ad
917 1653 963 1679 ea
989 1653 1091 1691 quae
1120 1642 1285 1680 confuse
1311 1641 1362 1679 ab
1383 1640 1469 1680 aliis

138 1712 206 1744 aut
252 1706 595 1755 respondebantur
640 1713 708 1744 aut
750 1706 977 1755 agebantur.
1065 1705 1324 1744 Dialecticam
1373 1705 1470 1744 mihi
1486 1717 1540 1754 42

139 1769 283 1809 videris
327 1770 470 1817 dicere,
513 1770 652 1821 inquit.
739 1771 877 1818 Recte,
918 1769 1092 1820 inquam,
1133 1770 1327 1820 intellegis
1342 1785 1351 1819 ς
1399 1772 1470 1810 sed

82 1852 122 1884 ²5
139 1835 318 1874 adiunxit
337 1835 455 1874 etiam
485 1843 525 1875 et
553 1835 768 1875 litterarum
797 1835 1002 1874 scientiam
1029 1842 1069 1875 et
1098 1835 1291 1886 loquendi
1318 1837 1472 1887 elegan-

140 1899 246 1948 tiam,
286 1913 388 1950 quae
426 1915 474 1939 ex
510 1900 664 1951 scriptis
702 1900 796 1948 eius,
833 1913 1002 1950 quorum
1041 1899 1183 1939 similia
1219 1901 1329 1939 nulla
1365 1908 1467 1949 sunt,

139 1965 323 2004 facillime
360 1965 528 2016 perspici
565 1973 707 2017 potest.
777 1966 962 2016 Cumque
1000 1965 1181 2005 discendi
1219 1979 1338 2005 causa
1375 1967 1471 2006 duo·
1491 1982 1553 2015 154

140 2031 214 2070 bus
251 2030 496 2081 peritissimis
544 2044 706 2082 operam
749 2030 935 2079 dedisset,
977 2032 1020 2070 L.
1063 2030 1217 2070 Lucilio
1256 2031 1384 2071 Balbo
1423 2032 1467 2072 C.

140 2095 302 2147 Aquilio
333 2097 461 2143 Gallo,
493 2095 597 2135 Galli
626 2095 798 2135 hominis
824 2095 930 2134 acuti
953 2103 992 2134 et
1021 2095 1219 2135 exercitati
1245 2104 1471 2147 promptam

82 2180 122 2211 30
140 2169 180 2201 et
198 2169 373 2212 paratam
394 2161 434 2199 in
454 2162 611 2212 agendo
631 2169 670 2200 et
696 2160 737 2199 in
757 2161 1039 2211 respondendo
1062 2161 1302 2201 celeritatem
1323 2161 1473 2201 subtili-

140 2234 219 2266 tate
238 2226 521 2278 diligentiaque
541 2226 738 2277 superavit
752 2240 762 2274 3
793 2225 907 2265 Balbi
927 2225 1036 2265 docti
1065 2233 1103 2266 et
1129 2226 1272 2266 eruditi
1298 2227 1471 2266 hominis

185 2340 205 2360 2
228 2341 430 2371 quemquam
447 2329 634 2362 Lambinus
747 2341 766 2370 5
791 2340 858 2361 una
873 2330 940 2362 secl.
957 2330 1054 2369 Jahn
1165 2331 1187 2360 6
1210 2331 1342 2362 doctior
1357 2335 1473 2362 orator

142 2373 267 2415 Campe
330 2380 364 2405 at
381 2375 460 2406 inde
478 2375 638 2406 Martha:
662 2379 695 2405 et
710 2374 779 2405 secl.
801 2374 926 2414 Campe
1016 2375 1055 2404 18
1078 2374 1235 2414 ambigua
1259 2373 1471 2406 Lambinus:

140 2418 329 2458 ambiguam
344 2418 373 2449 L
499 2429 541 2458 24
565 2419 679 2449 dicere
693 2418 803 2458 inquit
818 2416 848 2448 L
866 2429 873 2449 ε
897 2418 1006 2457 inquit
1022 2418 1136 2449 dicere
1151 2418 1218 2450 cod.
1239 2417 1298 2450 det.
1428 2420 1471 2450 26

137 2471 283 2502 quorum
299 2462 471 2494 volumina
487 2463 591 2494 multa
606 2461 697 2493 Koch
843 2471 885 2502 27
910 2462 1045 2493 dicendi
1061 2461 1139 2494 ΙΓΟ2
