<?xml version="1.0" encoding="UTF-8"?>
<!DOCTYPE html PUBLIC "-//W3C//DTD XHTML 1.0 Transitional//EN"
    "http://www.w3.org/TR/xhtml1/DTD/xhtml1-transitional.dtd">
<html xmlns="http://www.w3.org/1999/xhtml" xml:lang="en" lang="en">
 <head>
  <title>
</title>
<meta http-equiv="Content-Type" content="text/html;charset=utf-8" />
  <meta name='ocr-system' content='tesseract 3.04.00' />
  <meta name='ocr-capabilities' content='ocr_page ocr_carea ocr_par ocr_line ocrx_word'/>
</head>
<body>
  <div class='ocr_page' id='page_1' title='image "./rhetoricarecogno02ciceuoft_0226.png"; bbox 0 0 1696 2730; ppageno 0'>
   <div class='ocr_carea' id='block_1_1' title="bbox 203 153 1227 201">
    <p class='ocr_par' dir='ltr' id='par_1_1' title="bbox 203 153 1227 201">
     <span class='ocr_line' id='line_1_1' title="bbox 203 153 1227 201; baseline 0 -5"><span class='ocrx_word' id='word_1_1' title='bbox 203 158 290 201; x_wconf 81' lang='lat'><strong>933</strong></span> <span class='ocrx_word' id='word_1_2' title='bbox 611 153 669 193; x_wconf 94' lang='lat' dir='ltr'><strong>M.</strong></span> <span class='ocrx_word' id='word_1_3' title='bbox 708 154 879 193; x_wconf 94' lang='lat' dir='ltr'>TVLLI</span> <span class='ocrx_word' id='word_1_4' title='bbox 917 154 1227 196; x_wconf 92' lang='lat' dir='ltr'>CICERONIS</span> 
     </span>
    </p>
   </div>
   <div class='ocr_carea' id='block_1_2' title="bbox 178 261 1696 2353">
    <p class='ocr_par' dir='ltr' id='par_1_2' title="bbox 188 261 1622 707">
     <span class='ocr_line' id='line_1_2' title="bbox 188 261 1587 320; baseline 0.007 -21"><span class='ocrx_word' id='word_1_5' title='bbox 188 265 230 299; x_wconf 77' lang='lat'><strong>33</strong></span> <span class='ocrx_word' id='word_1_6' title='bbox 304 261 349 300; x_wconf 87' lang='lat' dir='ltr'><strong>C.</strong></span> <span class='ocrx_word' id='word_1_7' title='bbox 372 262 531 312; x_wconf 84' lang='lat' dir='ltr'><strong>Nempe</strong></span> <span class='ocrx_word' id='word_1_8' title='bbox 560 275 606 301; x_wconf 86' lang='lat' dir='ltr'><strong>ea</strong></span> <span class='ocrx_word' id='word_1_9' title='bbox 635 270 864 314; x_wconf 89' lang='lat' dir='ltr'><strong>sequuntur,</strong></span> <span class='ocrx_word' id='word_1_10' title='bbox 887 278 990 315; x_wconf 93' lang='lat' dir='ltr'><strong>quae</strong></span> <span class='ocrx_word' id='word_1_11' title='bbox 1020 267 1072 305; x_wconf 88' lang='lat' dir='ltr'><strong>ad</strong></span> <span class='ocrx_word' id='word_1_12' title='bbox 1101 266 1323 307; x_wconf 89' lang='lat' dir='ltr'><strong>faciendam</strong></span> <span class='ocrx_word' id='word_1_13' title='bbox 1353 268 1474 308; x_wconf 91' lang='lat' dir='ltr'><strong>fidem</strong></span> <span class='ocrx_word' id='word_1_14' title='bbox 1502 282 1587 320; x_wconf 88' lang='lat' dir='ltr'><strong>per-</strong></span> 
     </span>
     <span class='ocr_line' id='line_1_3' title="bbox 246 325 1584 382; baseline 0.008 -18"><span class='ocrx_word' id='word_1_15' title='bbox 246 325 385 366; x_wconf 87' lang='lat' dir='ltr'><strong>tinent.</strong></span> <span class='ocrx_word' id='word_1_16' title='bbox 445 328 487 366; x_wconf 91' lang='lat' dir='ltr'><strong>P.</strong></span> <span class='ocrx_word' id='word_1_17' title='bbox 511 329 574 366; x_wconf 83' lang='lat' dir='ltr'><strong>Ita</strong></span> <span class='ocrx_word' id='word_1_18' title='bbox 602 335 685 368; x_wconf 87' lang='lat' dir='ltr'><strong>est:</strong></span> <span class='ocrx_word' id='word_1_19' title='bbox 715 342 818 380; x_wconf 89' lang='lat' dir='ltr'><strong>quae</strong></span> <span class='ocrx_word' id='word_1_20' title='bbox 847 330 1009 382; x_wconf 91' lang='lat' dir='ltr'><strong>quidem</strong></span> <span class='ocrx_word' id='word_1_21' title='bbox 1039 332 1080 371; x_wconf 90' lang='lat' dir='ltr'><strong>in</strong></span> <span class='ocrx_word' id='word_1_22' title='bbox 1108 334 1452 374; x_wconf 88' lang='lat' dir='ltr'><strong>confirmationem</strong></span> <span class='ocrx_word' id='word_1_23' title='bbox 1478 343 1517 375; x_wconf 89' lang='lat' dir='ltr'><strong>et</strong></span> <span class='ocrx_word' id='word_1_24' title='bbox 1543 335 1584 374; x_wconf 91' lang='lat' dir='ltr'><strong>in</strong></span> 
     </span>
     <span class='ocr_line' id='line_1_4' title="bbox 246 392 1585 443; baseline 0.008 -13"><span class='ocrx_word' id='word_1_25' title='bbox 246 392 595 443; x_wconf 86' lang='lat' dir='ltr'><strong>reprehensionem</strong></span> <span class='ocrx_word' id='word_1_26' title='bbox 629 393 870 435; x_wconf 91' lang='lat' dir='ltr'><strong>dividuntur.</strong></span> <span class='ocrx_word' id='word_1_27' title='bbox 930 398 1035 436; x_wconf 92' lang='lat' dir='ltr'><strong>Nam</strong></span> <span class='ocrx_word' id='word_1_28' title='bbox 1070 397 1111 437; x_wconf 91' lang='lat' dir='ltr'><strong>in</strong></span> <span class='ocrx_word' id='word_1_29' title='bbox 1143 400 1418 440; x_wconf 89' lang='lat' dir='ltr'><strong>confirmando</strong></span> <span class='ocrx_word' id='word_1_30' title='bbox 1451 408 1585 440; x_wconf 89' lang='lat' dir='ltr'><strong>nostra</strong></span> 
     </span>
     <span class='ocr_line' id='line_1_5' title="bbox 244 454 1582 516; baseline 0.008 -21"><span class='ocrx_word' id='word_1_31' title='bbox 244 458 413 509; x_wconf 91' lang='lat' dir='ltr'><strong>probare</strong></span> <span class='ocrx_word' id='word_1_32' title='bbox 445 460 640 508; x_wconf 87' lang='lat' dir='ltr'><strong>volumus,</strong></span> <span class='ocrx_word' id='word_1_33' title='bbox 670 459 711 499; x_wconf 88' lang='lat' dir='ltr'><strong>in</strong></span> <span class='ocrx_word' id='word_1_34' title='bbox 750 454 1081 512; x_wconf 87' lang='lat' dir='ltr'><strong>reprehendendo</strong></span> <span class='ocrx_word' id='word_1_35' title='bbox 1112 465 1344 516; x_wconf 83' lang='lat' dir='ltr'><strong>redarguere</strong></span> <span class='ocrx_word' id='word_1_36' title='bbox 1378 466 1582 506; x_wconf 86' lang='lat' dir='ltr'><strong>contraria.</strong></span> 
     </span>
     <span class='ocr_line' id='line_1_6' title="bbox 246 523 1622 582; baseline 0.008 -21"><span class='ocrx_word' id='word_1_37' title='bbox 246 523 449 573; x_wconf 85' lang='lat' dir='ltr'><strong>Quoniam</strong></span> <span class='ocrx_word' id='word_1_38' title='bbox 478 523 595 575; x_wconf 90' lang='lat' dir='ltr'><strong>igitur</strong></span> <span class='ocrx_word' id='word_1_39' title='bbox 623 539 754 574; x_wconf 90' lang='lat' dir='ltr'><strong>omne,</strong></span> <span class='ocrx_word' id='word_1_40' title='bbox 777 529 887 578; x_wconf 92' lang='lat' dir='ltr'><strong>quod</strong></span> <span class='ocrx_word' id='word_1_41' title='bbox 915 528 955 567; x_wconf 90' lang='lat' dir='ltr'><strong>in</strong></span> <span class='ocrx_word' id='word_1_42' title='bbox 984 530 1292 569; x_wconf 90' lang='lat' dir='ltr'><strong>controversiam</strong></span> <span class='ocrx_word' id='word_1_43' title='bbox 1312 530 1430 579; x_wconf 88' lang='lat' dir='ltr'><strong>venit,</strong></span> <span class='ocrx_word' id='word_1_44' title='bbox 1452 531 1494 571; x_wconf 92' lang='lat' dir='ltr'><strong>id</strong></span> <span class='ocrx_word' id='word_1_45' title='bbox 1516 539 1585 572; x_wconf 87' lang='lat' dir='ltr'><strong>aut</strong></span> <span class='ocrx_word' id='word_1_46' title='bbox 1604 547 1622 582; x_wconf 88' lang='lat'><strong>5</strong></span> 
     </span>
     <span class='ocr_line' id='line_1_7' title="bbox 245 589 1585 649; baseline 0.007 -22"><span class='ocrx_word' id='word_1_47' title='bbox 245 589 294 628; x_wconf 87' lang='lat' dir='ltr'><strong>sit</strong></span> <span class='ocrx_word' id='word_1_48' title='bbox 314 603 442 630; x_wconf 90' lang='lat' dir='ltr'><strong>necne</strong></span> <span class='ocrx_word' id='word_1_49' title='bbox 471 590 519 630; x_wconf 90' lang='lat' dir='ltr'><strong>sit</strong></span> <span class='ocrx_word' id='word_1_50' title='bbox 545 599 613 631; x_wconf 89' lang='lat' dir='ltr'><strong>aut</strong></span> <span class='ocrx_word' id='word_1_51' title='bbox 634 592 730 643; x_wconf 93' lang='lat' dir='ltr'><strong>quid</strong></span> <span class='ocrx_word' id='word_1_52' title='bbox 761 593 810 632; x_wconf 89' lang='lat' dir='ltr'><strong>sit</strong></span> <span class='ocrx_word' id='word_1_53' title='bbox 835 602 904 633; x_wconf 91' lang='lat' dir='ltr'><strong>aut</strong></span> <span class='ocrx_word' id='word_1_54' title='bbox 933 596 1050 645; x_wconf 91' lang='lat' dir='ltr'><strong>quale</strong></span> <span class='ocrx_word' id='word_1_55' title='bbox 1079 595 1129 634; x_wconf 87' lang='lat' dir='ltr'><strong>sit</strong></span> <span class='ocrx_word' id='word_1_56' title='bbox 1154 596 1363 647; x_wconf 91' lang='lat' dir='ltr'><strong>quaeritur,</strong></span> <span class='ocrx_word' id='word_1_57' title='bbox 1386 597 1427 636; x_wconf 87' lang='lat' dir='ltr'><strong>in</strong></span> <span class='ocrx_word' id='word_1_58' title='bbox 1455 597 1585 649; x_wconf 90' lang='lat' dir='ltr'><strong>primo</strong></span> 
     </span>
     <span class='ocr_line' id='line_1_8' title="bbox 245 655 1585 707; baseline 0.007 -14"><span class='ocrx_word' id='word_1_59' title='bbox 245 655 473 695; x_wconf 88' lang='lat' dir='ltr'><strong>coniectura</strong></span> <span class='ocrx_word' id='word_1_60' title='bbox 492 658 606 705; x_wconf 91' lang='lat' dir='ltr'><strong>valet,</strong></span> <span class='ocrx_word' id='word_1_61' title='bbox 625 657 665 696; x_wconf 90' lang='lat' dir='ltr'><strong>in</strong></span> <span class='ocrx_word' id='word_1_62' title='bbox 685 660 810 697; x_wconf 89' lang='lat' dir='ltr'><strong>altero</strong></span> <span class='ocrx_word' id='word_1_63' title='bbox 826 660 1016 707; x_wconf 89' lang='lat' dir='ltr'><strong>definitio,</strong></span> <span class='ocrx_word' id='word_1_64' title='bbox 1035 660 1076 699; x_wconf 92' lang='lat' dir='ltr'><strong>in</strong></span> <span class='ocrx_word' id='word_1_65' title='bbox 1097 661 1212 700; x_wconf 86' lang='lat' dir='ltr'><strong>tertio</strong></span> <span class='ocrx_word' id='word_1_66' title='bbox 1232 662 1342 701; x_wconf 87' lang='lat' dir='ltr'><strong>ratio.</strong></span> <span class='ocrx_word' id='word_1_67' title='bbox 1385 664 1429 703; x_wconf 92' lang='lat' dir='ltr'><strong>C.</strong></span> <span class='ocrx_word' id='word_1_68' title='bbox 1445 665 1585 703; x_wconf 93' lang='lat' dir='ltr'><strong>Teneo</strong></span> 
     </span>
    </p>

    <p class='ocr_par' dir='ltr' id='par_1_3' title="bbox 178 719 1582 781">
     <span class='ocr_line' id='line_1_9' title="bbox 178 719 1582 781; baseline 0.007 -23"><span class='ocrx_word' id='word_1_69' title='bbox 178 753 224 781; x_wconf 89' lang='lat'><strong>10</strong></span> <span class='ocrx_word' id='word_1_70' title='bbox 244 719 360 759; x_wconf 89' lang='lat' dir='ltr'><strong>istam</strong></span> <span class='ocrx_word' id='word_1_71' title='bbox 408 721 741 763; x_wconf 85' lang='lat' dir='ltr'><strong>distributionem.</strong></span> <span class='ocrx_word' id='word_1_72' title='bbox 802 726 922 764; x_wconf 89' lang='lat' dir='ltr'><strong>Nunc</strong></span> <span class='ocrx_word' id='word_1_73' title='bbox 970 726 1223 766; x_wconf 89' lang='lat' dir='ltr'><strong>coniecturae</strong></span> <span class='ocrx_word' id='word_1_74' title='bbox 1266 729 1375 767; x_wconf 91' lang='lat' dir='ltr'><strong>locos</strong></span> <span class='ocrx_word' id='word_1_75' title='bbox 1424 742 1582 780; x_wconf 82' lang='lat' dir='ltr'><strong>quaero.</strong></span> 
     </span>
    </p>

    <p class='ocr_par' dir='ltr' id='par_1_4' title="bbox 184 786 1647 1237">
     <span class='ocr_line' id='line_1_10' title="bbox 184 786 1586 845; baseline 0.008 -22"><span class='ocrx_word' id='word_1_76' title='bbox 184 815 225 845; x_wconf 80' lang='lat'><strong>34</strong></span> <span class='ocrx_word' id='word_1_77' title='bbox 246 787 287 824; x_wconf 91' lang='lat' dir='ltr'><strong>P.</strong></span> <span class='ocrx_word' id='word_1_78' title='bbox 312 788 361 824; x_wconf 92' lang='lat' dir='ltr'><strong>In</strong></span> <span class='ocrx_word' id='word_1_79' title='bbox 390 786 470 826; x_wconf 88' lang='lat' dir='ltr'><strong>veri</strong></span> <span class='ocrx_word' id='word_1_80' title='bbox 501 787 694 827; x_wconf 89' lang='lat' dir='ltr'><strong>similibus</strong></span> <span class='ocrx_word' id='word_1_81' title='bbox 724 796 763 828; x_wconf 90' lang='lat' dir='ltr'><strong>et</strong></span> <span class='ocrx_word' id='word_1_82' title='bbox 792 789 832 828; x_wconf 90' lang='lat' dir='ltr'><strong>in</strong></span> <span class='ocrx_word' id='word_1_83' title='bbox 861 791 1028 842; x_wconf 89' lang='lat' dir='ltr'><strong>propriis</strong></span> <span class='ocrx_word' id='word_1_84' title='bbox 1058 806 1187 831; x_wconf 91' lang='lat' dir='ltr'><strong>rerum</strong></span> <span class='ocrx_word' id='word_1_85' title='bbox 1215 792 1319 832; x_wconf 87' lang='lat' dir='ltr'><strong>notis</strong></span> <span class='ocrx_word' id='word_1_86' title='bbox 1345 793 1474 845; x_wconf 90' lang='lat' dir='ltr'><strong>posita</strong></span> <span class='ocrx_word' id='word_1_87' title='bbox 1502 801 1586 834; x_wconf 88' lang='lat' dir='ltr'><strong>tota</strong></span> 
     </span>
     <span class='ocr_line' id='line_1_11' title="bbox 244 853 1647 910; baseline 0.007 -20"><span class='ocrx_word' id='word_1_88' title='bbox 244 859 314 891; x_wconf 91' lang='lat' dir='ltr'><strong>est.</strong></span> <span class='ocrx_word' id='word_1_89' title='bbox 355 853 435 892; x_wconf 90' lang='lat' dir='ltr'><strong>Sed</strong></span> <span class='ocrx_word' id='word_1_90' title='bbox 450 855 696 904; x_wconf 84' lang='lat' dir='ltr'><strong>appellemus</strong></span> <span class='ocrx_word' id='word_1_91' title='bbox 712 856 886 895; x_wconf 91' lang='lat' dir='ltr'><strong>docendi</strong></span> <span class='ocrx_word' id='word_1_92' title='bbox 905 857 1028 907; x_wconf 89' lang='lat' dir='ltr'><strong>gratia</strong></span> <span class='ocrx_word' id='word_1_93' title='bbox 1044 857 1124 897; x_wconf 90' lang='lat' dir='ltr'><strong>veri</strong></span> <span class='ocrx_word' id='word_1_94' title='bbox 1144 858 1272 898; x_wconf 91' lang='lat' dir='ltr'><strong>simile</strong></span> <span class='ocrx_word' id='word_1_95' title='bbox 1287 860 1397 910; x_wconf 91' lang='lat' dir='ltr'><strong>quod</strong></span> <span class='ocrx_word' id='word_1_96' title='bbox 1417 861 1587 910; x_wconf 89' lang='lat' dir='ltr'><strong>plerum-</strong></span> <span class='ocrx_word' id='word_1_97' title='bbox 1608 876 1647 899; x_wconf 79' lang='grc' dir='ltr'><strong>ιο</strong></span> 
     </span>
     <span class='ocr_line' id='line_1_12' title="bbox 245 917 1583 974; baseline 0.007 -19"><span class='ocrx_word' id='word_1_98' title='bbox 245 931 323 968; x_wconf 91' lang='lat' dir='ltr'><strong>que</strong></span> <span class='ocrx_word' id='word_1_99' title='bbox 339 917 392 956; x_wconf 92' lang='lat' dir='ltr'><strong>ita</strong></span> <span class='ocrx_word' id='word_1_100' title='bbox 408 919 485 966; x_wconf 88' lang='lat' dir='ltr'><strong>fiat,</strong></span> <span class='ocrx_word' id='word_1_101' title='bbox 501 926 544 958; x_wconf 92' lang='lat' dir='ltr'><strong>ut</strong></span> <span class='ocrx_word' id='word_1_102' title='bbox 564 921 876 960; x_wconf 86' lang='lat' dir='ltr'><strong>adulescentiam</strong></span> <span class='ocrx_word' id='word_1_103' title='bbox 897 923 1171 973; x_wconf 89' lang='lat' dir='ltr'><strong>procliviorem</strong></span> <span class='ocrx_word' id='word_1_104' title='bbox 1190 937 1276 964; x_wconf 88' lang='lat' dir='ltr'><strong>esse</strong></span> <span class='ocrx_word' id='word_1_105' title='bbox 1290 926 1342 964; x_wconf 89' lang='lat' dir='ltr'><strong>ad</strong></span> <span class='ocrx_word' id='word_1_106' title='bbox 1362 924 1583 974; x_wconf 90' lang='lat' dir='ltr'><strong>libidinem,</strong></span> 
     </span>
     <span class='ocr_line' id='line_1_13' title="bbox 244 983 1587 1042; baseline 0.007 -21"><span class='ocrx_word' id='word_1_107' title='bbox 244 983 403 1034; x_wconf 91' lang='lat' dir='ltr'><strong>proprie</strong></span> <span class='ocrx_word' id='word_1_108' title='bbox 422 992 555 1024; x_wconf 91' lang='lat' dir='ltr'><strong>autem</strong></span> <span class='ocrx_word' id='word_1_109' title='bbox 583 994 764 1025; x_wconf 88' lang='lat' dir='ltr'><strong>notatum</strong></span> <span class='ocrx_word' id='word_1_110' title='bbox 791 996 1068 1038; x_wconf 86' lang='lat' dir='ltr'><strong>argumentum</strong></span> <span class='ocrx_word' id='word_1_111' title='bbox 1098 991 1208 1040; x_wconf 90' lang='lat' dir='ltr'><strong>quod</strong></span> <span class='ocrx_word' id='word_1_112' title='bbox 1235 1004 1455 1042; x_wconf 82' lang='lat' dir='ltr'><strong>numquam</strong></span> <span class='ocrx_word' id='word_1_113' title='bbox 1475 991 1587 1031; x_wconf 85' lang='lat' dir='ltr'><strong>aliter</strong></span> 
     </span>
     <span class='ocr_line' id='line_1_14' title="bbox 245 1048 1587 1105; baseline 0.007 -18"><span class='ocrx_word' id='word_1_114' title='bbox 245 1048 294 1087; x_wconf 90' lang='lat' dir='ltr'><strong>sit</strong></span> <span class='ocrx_word' id='word_1_115' title='bbox 323 1057 556 1101; x_wconf 91' lang='lat' dir='ltr'><strong>certumque</strong></span> <span class='ocrx_word' id='word_1_116' title='bbox 585 1052 770 1101; x_wconf 90' lang='lat' dir='ltr'><strong>declaret,</strong></span> <span class='ocrx_word' id='word_1_117' title='bbox 802 1061 845 1092; x_wconf 92' lang='lat' dir='ltr'><strong>ut</strong></span> <span class='ocrx_word' id='word_1_118' title='bbox 876 1055 1008 1093; x_wconf 92' lang='lat' dir='ltr'><strong>fumus</strong></span> <span class='ocrx_word' id='word_1_119' title='bbox 1037 1054 1181 1105; x_wconf 87' lang='lat' dir='ltr'><strong>ignem.</strong></span> <span class='ocrx_word' id='word_1_120' title='bbox 1242 1055 1334 1095; x_wconf 92' lang='lat' dir='ltr'><strong>Veri</strong></span> <span class='ocrx_word' id='word_1_121' title='bbox 1361 1056 1503 1096; x_wconf 90' lang='lat' dir='ltr'><strong>similia</strong></span> <span class='ocrx_word' id='word_1_122' title='bbox 1531 1071 1587 1097; x_wconf 90' lang='lat' dir='ltr'><strong>re-</strong></span> 
     </span>
     <span class='ocr_line' id='line_1_15' title="bbox 244 1114 1587 1170; baseline 0.007 -16"><span class='ocrx_word' id='word_1_123' title='bbox 244 1114 445 1165; x_wconf 88' lang='lat' dir='ltr'><strong>perientur</strong></span> <span class='ocrx_word' id='word_1_124' title='bbox 478 1130 525 1155; x_wconf 86' lang='lat' dir='ltr'><strong>ex</strong></span> <span class='ocrx_word' id='word_1_125' title='bbox 558 1117 735 1168; x_wconf 89' lang='lat' dir='ltr'><strong>partibus</strong></span> <span class='ocrx_word' id='word_1_126' title='bbox 769 1126 808 1158; x_wconf 91' lang='lat' dir='ltr'><strong>et</strong></span> <span class='ocrx_word' id='word_1_127' title='bbox 846 1119 958 1170; x_wconf 87' lang='lat' dir='ltr'><strong>quasi</strong></span> <span class='ocrx_word' id='word_1_128' title='bbox 997 1120 1185 1160; x_wconf 92' lang='lat' dir='ltr'><strong>membris</strong></span> <span class='ocrx_word' id='word_1_129' title='bbox 1223 1122 1467 1162; x_wconf 86' lang='lat' dir='ltr'><strong>narrationis.</strong></span> <span class='ocrx_word' id='word_1_130' title='bbox 1527 1125 1587 1163; x_wconf 90' lang='lat' dir='ltr'><strong>Ea</strong></span> 
     </span>
     <span class='ocr_line' id='line_1_16' title="bbox 246 1180 1646 1237; baseline 0.007 -18"><span class='ocrx_word' id='word_1_131' title='bbox 246 1188 337 1219; x_wconf 90' lang='lat' dir='ltr'><strong>sunt</strong></span> <span class='ocrx_word' id='word_1_132' title='bbox 358 1180 398 1219; x_wconf 91' lang='lat' dir='ltr'><strong>in</strong></span> <span class='ocrx_word' id='word_1_133' title='bbox 418 1182 612 1231; x_wconf 88' lang='lat' dir='ltr'><strong>personis,</strong></span> <span class='ocrx_word' id='word_1_134' title='bbox 627 1182 668 1221; x_wconf 89' lang='lat' dir='ltr'><strong>in</strong></span> <span class='ocrx_word' id='word_1_135' title='bbox 689 1183 797 1232; x_wconf 91' lang='lat' dir='ltr'><strong>locis,</strong></span> <span class='ocrx_word' id='word_1_136' title='bbox 820 1184 860 1223; x_wconf 89' lang='lat' dir='ltr'><strong>in</strong></span> <span class='ocrx_word' id='word_1_137' title='bbox 881 1185 1139 1236; x_wconf 87' lang='lat' dir='ltr'><strong>temporibus,</strong></span> <span class='ocrx_word' id='word_1_138' title='bbox 1157 1186 1198 1225; x_wconf 92' lang='lat' dir='ltr'><strong>in</strong></span> <span class='ocrx_word' id='word_1_139' title='bbox 1219 1187 1343 1235; x_wconf 87' lang='lat' dir='ltr'><strong>factis,</strong></span> <span class='ocrx_word' id='word_1_140' title='bbox 1360 1187 1402 1226; x_wconf 92' lang='lat' dir='ltr'><strong>in</strong></span> <span class='ocrx_word' id='word_1_141' title='bbox 1421 1188 1582 1237; x_wconf 89' lang='lat' dir='ltr'><strong>eventis,</strong></span> <span class='ocrx_word' id='word_1_142' title='bbox 1607 1195 1646 1230; x_wconf 85' lang='lat'><strong>15</strong></span> 
     </span>
    </p>

    <p class='ocr_par' dir='ltr' id='par_1_5' title="bbox 185 1245 1648 1760">
     <span class='ocr_line' id='line_1_17' title="bbox 185 1245 1586 1304; baseline 0.006 -19"><span class='ocrx_word' id='word_1_143' title='bbox 185 1254 224 1287; x_wconf 84' lang='grc'><strong>35</strong></span> <span class='ocrx_word' id='word_1_144' title='bbox 245 1245 285 1284; x_wconf 93' lang='lat' dir='ltr'><strong>in</strong></span> <span class='ocrx_word' id='word_1_145' title='bbox 325 1260 453 1285; x_wconf 92' lang='lat' dir='ltr'><strong>rerum</strong></span> <span class='ocrx_word' id='word_1_146' title='bbox 493 1247 665 1298; x_wconf 90' lang='lat' dir='ltr'><strong>ipsarum</strong></span> <span class='ocrx_word' id='word_1_147' title='bbox 708 1249 1039 1301; x_wconf 89' lang='lat' dir='ltr'><strong>negotiorumque</strong></span> <span class='ocrx_word' id='word_1_148' title='bbox 1077 1252 1236 1291; x_wconf 86' lang='lat' dir='ltr'><strong>naturis.</strong></span> <span class='ocrx_word' id='word_1_149' title='bbox 1315 1254 1364 1292; x_wconf 89' lang='lat' dir='ltr'><strong>In</strong></span> <span class='ocrx_word' id='word_1_150' title='bbox 1407 1254 1586 1304; x_wconf 86' lang='lat' dir='ltr'><strong>personis</strong></span> 
     </span>
     <span class='ocr_line' id='line_1_18' title="bbox 246 1313 1587 1369; baseline 0.007 -19"><span class='ocrx_word' id='word_1_151' title='bbox 246 1319 409 1352; x_wconf 87' lang='lat' dir='ltr'><strong>naturae</strong></span> <span class='ocrx_word' id='word_1_152' title='bbox 438 1313 609 1364; x_wconf 88' lang='lat' dir='ltr'><strong>primum</strong></span> <span class='ocrx_word' id='word_1_153' title='bbox 637 1323 866 1365; x_wconf 86' lang='lat' dir='ltr'><strong>spectantur</strong></span> <span class='ocrx_word' id='word_1_154' title='bbox 885 1317 1122 1356; x_wconf 90' lang='lat' dir='ltr'><strong>valetudinis</strong></span> <span class='ocrx_word' id='word_1_155' title='bbox 1150 1319 1296 1369; x_wconf 86' lang='lat' dir='ltr'><strong>figurae</strong></span> <span class='ocrx_word' id='word_1_156' title='bbox 1315 1318 1455 1358; x_wconf 90' lang='lat' dir='ltr'><strong>virium</strong></span> <span class='ocrx_word' id='word_1_157' title='bbox 1483 1327 1587 1359; x_wconf 88' lang='lat' dir='ltr'><strong>aeta-</strong></span> 
     </span>
     <span class='ocr_line' id='line_1_19' title="bbox 245 1376 1587 1436; baseline 0.007 -21"><span class='ocrx_word' id='word_1_158' title='bbox 245 1376 295 1416; x_wconf 92' lang='lat' dir='ltr'><strong>tis</strong></span> <span class='ocrx_word' id='word_1_159' title='bbox 328 1378 495 1418; x_wconf 90' lang='lat' dir='ltr'><strong>marium</strong></span> <span class='ocrx_word' id='word_1_160' title='bbox 535 1379 797 1430; x_wconf 80' lang='lat' dir='ltr'><strong>feminarum3</strong></span> <span class='ocrx_word' id='word_1_161' title='bbox 839 1389 959 1432; x_wconf 91' lang='lat' dir='ltr'><strong>atque</strong></span> <span class='ocrx_word' id='word_1_162' title='bbox 994 1383 1093 1422; x_wconf 90' lang='lat' dir='ltr'><strong>haec</strong></span> <span class='ocrx_word' id='word_1_163' title='bbox 1124 1383 1287 1434; x_wconf 90' lang='lat' dir='ltr'><strong>quidem</strong></span> <span class='ocrx_word' id='word_1_164' title='bbox 1321 1384 1362 1423; x_wconf 92' lang='lat' dir='ltr'><strong>in</strong></span> <span class='ocrx_word' id='word_1_165' title='bbox 1396 1398 1587 1436; x_wconf 82' lang='lat' dir='ltr'><strong>corpore3</strong></span> 
     </span>
     <span class='ocr_line' id='line_1_20' title="bbox 245 1442 1584 1498; baseline 0.007 -18"><span class='ocrx_word' id='word_1_166' title='bbox 245 1442 368 1481; x_wconf 91' lang='lat' dir='ltr'><strong>animi</strong></span> <span class='ocrx_word' id='word_1_167' title='bbox 397 1451 531 1483; x_wconf 91' lang='lat' dir='ltr'><strong>autem</strong></span> <span class='ocrx_word' id='word_1_168' title='bbox 561 1453 629 1484; x_wconf 90' lang='lat' dir='ltr'><strong>aut</strong></span> <span class='ocrx_word' id='word_1_169' title='bbox 659 1459 778 1496; x_wconf 92' lang='lat' dir='ltr'><strong>quem</strong></span> <span class='ocrx_word' id='word_1_170' title='bbox 808 1448 859 1486; x_wconf 87' lang='lat' dir='ltr'><strong>ad</strong></span> <span class='ocrx_word' id='word_1_171' title='bbox 889 1449 1056 1487; x_wconf 90' lang='lat' dir='ltr'><strong>modum</strong></span> <span class='ocrx_word' id='word_1_172' title='bbox 1085 1448 1231 1488; x_wconf 91' lang='lat' dir='ltr'><strong>adfecti</strong></span> <span class='ocrx_word' id='word_1_173' title='bbox 1261 1449 1350 1498; x_wconf 88' lang='lat' dir='ltr'><strong>sint,</strong></span> <span class='ocrx_word' id='word_1_174' title='bbox 1375 1449 1584 1490; x_wconf 89' lang='lat' dir='ltr'><strong>virtutibus</strong></span> 
     </span>
     <span class='ocr_line' id='line_1_21' title="bbox 245 1507 1648 1567; baseline 0.008 -21"><span class='ocrx_word' id='word_1_175' title='bbox 245 1507 359 1557; x_wconf 85' lang='lat' dir='ltr'><strong>vitiis,</strong></span> <span class='ocrx_word' id='word_1_176' title='bbox 377 1509 527 1549; x_wconf 88' lang='lat' dir='ltr'><strong>artibus</strong></span> <span class='ocrx_word' id='word_1_177' title='bbox 547 1509 707 1559; x_wconf 91' lang='lat' dir='ltr'><strong>inertiis,</strong></span> <span class='ocrx_word' id='word_1_178' title='bbox 726 1519 794 1551; x_wconf 88' lang='lat' dir='ltr'><strong>aut</strong></span> <span class='ocrx_word' id='word_1_179' title='bbox 816 1526 935 1563; x_wconf 90' lang='lat' dir='ltr'><strong>quem</strong></span> <span class='ocrx_word' id='word_1_180' title='bbox 955 1515 1007 1553; x_wconf 91' lang='lat' dir='ltr'><strong>ad</strong></span> <span class='ocrx_word' id='word_1_181' title='bbox 1029 1515 1194 1553; x_wconf 90' lang='lat' dir='ltr'><strong>modum</strong></span> <span class='ocrx_word' id='word_1_182' title='bbox 1215 1515 1417 1563; x_wconf 87' lang='lat' dir='ltr'><strong>commoti,</strong></span> <span class='ocrx_word' id='word_1_183' title='bbox 1435 1515 1587 1567; x_wconf 89' lang='lat' dir='ltr'><strong>cupidi-</strong></span> <span class='ocrx_word' id='word_1_184' title='bbox 1605 1531 1648 1557; x_wconf 84' lang='lat'><strong>20</strong></span> 
     </span>
     <span class='ocr_line' id='line_1_22' title="bbox 246 1578 1584 1632; baseline 0.007 -20"><span class='ocrx_word' id='word_1_185' title='bbox 246 1581 326 1613; x_wconf 86' lang='lat' dir='ltr'><strong>tate</strong></span> <span class='ocrx_word' id='word_1_186' title='bbox 364 1583 484 1623; x_wconf 90' lang='lat' dir='ltr'><strong>metu,</strong></span> <span class='ocrx_word' id='word_1_187' title='bbox 525 1578 728 1628; x_wconf 90' lang='lat' dir='ltr'><strong>voluptate</strong></span> <span class='ocrx_word' id='word_1_188' title='bbox 768 1578 959 1618; x_wconf 89' lang='lat' dir='ltr'><strong>molestia.</strong></span> <span class='ocrx_word' id='word_1_189' title='bbox 1037 1581 1171 1630; x_wconf 93' lang='lat' dir='ltr'><strong>Atque</strong></span> <span class='ocrx_word' id='word_1_190' title='bbox 1209 1581 1308 1620; x_wconf 90' lang='lat' dir='ltr'><strong>haec</strong></span> <span class='ocrx_word' id='word_1_191' title='bbox 1342 1581 1506 1632; x_wconf 88' lang='lat' dir='ltr'><strong>quidem</strong></span> <span class='ocrx_word' id='word_1_192' title='bbox 1542 1581 1584 1621; x_wconf 90' lang='lat' dir='ltr'><strong>in</strong></span> 
     </span>
     <span class='ocr_line' id='line_1_23' title="bbox 246 1642 1585 1698; baseline 0.007 -20"><span class='ocrx_word' id='word_1_193' title='bbox 246 1647 385 1679; x_wconf 89' lang='lat' dir='ltr'><strong>natura</strong></span> <span class='ocrx_word' id='word_1_194' title='bbox 418 1649 647 1692; x_wconf 89' lang='lat' dir='ltr'><strong>spectantur</strong></span> <span class='ocrx_word' id='word_1_195' title='bbox 660 1657 671 1691; x_wconf 77' lang='lat'><em>3</em></span> <span class='ocrx_word' id='word_1_196' title='bbox 713 1642 754 1682; x_wconf 90' lang='lat' dir='ltr'><strong>in</strong></span> <span class='ocrx_word' id='word_1_197' title='bbox 788 1645 946 1683; x_wconf 84' lang='lat' dir='ltr'><strong>fortuna</strong></span> <span class='ocrx_word' id='word_1_198' title='bbox 974 1658 1100 1695; x_wconf 89' lang='lat' dir='ltr'><strong>genus</strong></span> <span class='ocrx_word' id='word_1_199' title='bbox 1129 1645 1327 1685; x_wconf 89' lang='lat' dir='ltr'><strong>amicitiae</strong></span> <span class='ocrx_word' id='word_1_200' title='bbox 1357 1646 1469 1686; x_wconf 91' lang='lat' dir='ltr'><strong>liberi</strong></span> <span class='ocrx_word' id='word_1_201' title='bbox 1499 1660 1585 1698; x_wconf 92' lang='lat' dir='ltr'><strong>pro-</strong></span> 
     </span>
     <span class='ocr_line' id='line_1_24' title="bbox 245 1704 1586 1760; baseline 0.007 -17"><span class='ocrx_word' id='word_1_202' title='bbox 245 1704 386 1756; x_wconf 89' lang='lat' dir='ltr'><strong>pinqui</strong></span> <span class='ocrx_word' id='word_1_203' title='bbox 404 1707 558 1746; x_wconf 90' lang='lat' dir='ltr'><strong>adfines</strong></span> <span class='ocrx_word' id='word_1_204' title='bbox 578 1721 674 1758; x_wconf 88' lang='lat' dir='ltr'><strong>opes</strong></span> <span class='ocrx_word' id='word_1_205' title='bbox 695 1709 867 1748; x_wconf 91' lang='lat' dir='ltr'><strong>honores</strong></span> <span class='ocrx_word' id='word_1_206' title='bbox 887 1717 1103 1760; x_wconf 89' lang='lat' dir='ltr'><strong>potestates</strong></span> <span class='ocrx_word' id='word_1_207' title='bbox 1124 1710 1284 1751; x_wconf 89' lang='lat' dir='ltr'><strong>divitiae</strong></span> <span class='ocrx_word' id='word_1_208' title='bbox 1303 1711 1461 1752; x_wconf 88' lang='lat' dir='ltr'><strong>libertas</strong></span> <span class='ocrx_word' id='word_1_209' title='bbox 1481 1719 1520 1752; x_wconf 92' lang='lat' dir='ltr'><strong>et</strong></span> <span class='ocrx_word' id='word_1_210' title='bbox 1538 1726 1586 1752; x_wconf 86' lang='lat' dir='ltr'><strong>ea</strong></span> 
     </span>
    </p>

    <p class='ocr_par' dir='ltr' id='par_1_6' title="bbox 185 1772 1582 1826">
     <span class='ocr_line' id='line_1_25' title="bbox 185 1772 1582 1826; baseline 0.006 -17"><span class='ocrx_word' id='word_1_211' title='bbox 185 1780 226 1821; x_wconf 80' lang='lat'><strong>36</strong></span> <span class='ocrx_word' id='word_1_212' title='bbox 246 1784 348 1821; x_wconf 88' lang='lat' dir='ltr'><strong>quae</strong></span> <span class='ocrx_word' id='word_1_213' title='bbox 375 1779 466 1810; x_wconf 91' lang='lat' dir='ltr'><strong>sunt</strong></span> <span class='ocrx_word' id='word_1_214' title='bbox 495 1772 556 1811; x_wconf 89' lang='lat' dir='ltr'><strong>his</strong></span> <span class='ocrx_word' id='word_1_215' title='bbox 585 1773 789 1813; x_wconf 80' lang='lat' dir='ltr'><strong>contraria.</strong></span> <span class='ocrx_word' id='word_1_216' title='bbox 850 1776 899 1813; x_wconf 91' lang='lat' dir='ltr'><strong>In</strong></span> <span class='ocrx_word' id='word_1_217' title='bbox 929 1774 1026 1814; x_wconf 90' lang='lat' dir='ltr'><strong>locis</strong></span> <span class='ocrx_word' id='word_1_218' title='bbox 1055 1783 1187 1815; x_wconf 90' lang='lat' dir='ltr'><strong>autem</strong></span> <span class='ocrx_word' id='word_1_219' title='bbox 1219 1784 1257 1816; x_wconf 90' lang='lat' dir='ltr'><strong>et</strong></span> <span class='ocrx_word' id='word_1_220' title='bbox 1286 1777 1351 1816; x_wconf 89' lang='lat' dir='ltr'><strong>illa</strong></span> <span class='ocrx_word' id='word_1_221' title='bbox 1379 1777 1582 1826; x_wconf 87' lang='lat' dir='ltr'><strong>naturalia,</strong></span> 
     </span>
    </p>

    <p class='ocr_par' dir='ltr' id='par_1_7' title="bbox 246 1836 1645 1892">
     <span class='ocr_line' id='line_1_26' title="bbox 246 1836 1645 1892; baseline 0.004 -18"><span class='ocrx_word' id='word_1_222' title='bbox 246 1836 431 1876; x_wconf 89' lang='lat' dir='ltr'><strong>maritimi</strong></span> <span class='ocrx_word' id='word_1_223' title='bbox 468 1851 519 1876; x_wconf 91' lang='lat' dir='ltr'><strong>an</strong></span> <span class='ocrx_word' id='word_1_224' title='bbox 551 1838 692 1878; x_wconf 92' lang='lat' dir='ltr'><strong>remoti</strong></span> <span class='ocrx_word' id='word_1_225' title='bbox 722 1853 746 1878; x_wconf 87' lang='lat' dir='ltr'><strong>a</strong></span> <span class='ocrx_word' id='word_1_226' title='bbox 777 1840 885 1889; x_wconf 90' lang='lat' dir='ltr'><strong>mari,</strong></span> <span class='ocrx_word' id='word_1_227' title='bbox 922 1841 1029 1892; x_wconf 90' lang='lat' dir='ltr'><strong>plani</strong></span> <span class='ocrx_word' id='word_1_228' title='bbox 1060 1855 1111 1881; x_wconf 88' lang='lat' dir='ltr'><strong>an</strong></span> <span class='ocrx_word' id='word_1_229' title='bbox 1145 1842 1358 1891; x_wconf 90' lang='lat' dir='ltr'><strong>montuosi,</strong></span> <span class='ocrx_word' id='word_1_230' title='bbox 1392 1844 1498 1883; x_wconf 92' lang='lat' dir='ltr'><strong>leves</strong></span> <span class='ocrx_word' id='word_1_231' title='bbox 1531 1857 1583 1883; x_wconf 90' lang='lat' dir='ltr'><strong>an</strong></span> <span class='ocrx_word' id='word_1_232' title='bbox 1605 1857 1645 1890; x_wconf 81' lang='lat'><strong>²5</strong></span> 
     </span>
    </p>

    <p class='ocr_par' dir='ltr' id='par_1_8' title="bbox 245 1902 1586 2157">
     <span class='ocr_line' id='line_1_27' title="bbox 245 1902 1584 1959; baseline 0.006 -19"><span class='ocrx_word' id='word_1_233' title='bbox 245 1902 384 1952; x_wconf 88' lang='lat' dir='ltr'><strong>asperi,</strong></span> <span class='ocrx_word' id='word_1_234' title='bbox 425 1903 600 1943; x_wconf 87' lang='lat' dir='ltr'><strong>salubres</strong></span> <span class='ocrx_word' id='word_1_235' title='bbox 643 1918 694 1943; x_wconf 89' lang='lat' dir='ltr'><strong>an</strong></span> <span class='ocrx_word' id='word_1_236' title='bbox 740 1905 981 1956; x_wconf 83' lang='lat' dir='ltr'><strong>pestilentes,</strong></span> <span class='ocrx_word' id='word_1_237' title='bbox 1022 1906 1136 1958; x_wconf 88' lang='lat' dir='ltr'><strong>opaci</strong></span> <span class='ocrx_word' id='word_1_238' title='bbox 1174 1921 1226 1946; x_wconf 88' lang='lat' dir='ltr'><strong>an</strong></span> <span class='ocrx_word' id='word_1_239' title='bbox 1263 1908 1395 1959; x_wconf 90' lang='lat' dir='ltr'><strong>aprici,</strong></span> <span class='ocrx_word' id='word_1_240' title='bbox 1436 1916 1475 1948; x_wconf 90' lang='lat' dir='ltr'><strong>et</strong></span> <span class='ocrx_word' id='word_1_241' title='bbox 1518 1909 1584 1948; x_wconf 89' lang='lat' dir='ltr'><strong>illa</strong></span> 
     </span>
     <span class='ocr_line' id='line_1_28' title="bbox 246 1967 1584 2022; baseline 0.007 -17"><span class='ocrx_word' id='word_1_242' title='bbox 246 1967 417 2016; x_wconf 89' lang='lat' dir='ltr'><strong>fortuita,</strong></span> <span class='ocrx_word' id='word_1_243' title='bbox 439 1968 534 2007; x_wconf 93' lang='lat' dir='ltr'><strong>culti</strong></span> <span class='ocrx_word' id='word_1_244' title='bbox 562 1983 614 2007; x_wconf 86' lang='lat' dir='ltr'><strong>an</strong></span> <span class='ocrx_word' id='word_1_245' title='bbox 640 1969 790 2018; x_wconf 91' lang='lat' dir='ltr'><strong>inculti,</strong></span> <span class='ocrx_word' id='word_1_246' title='bbox 813 1972 988 2011; x_wconf 89' lang='lat' dir='ltr'><strong>celebres</strong></span> <span class='ocrx_word' id='word_1_247' title='bbox 1008 1986 1059 2010; x_wconf 89' lang='lat' dir='ltr'><strong>an</strong></span> <span class='ocrx_word' id='word_1_248' title='bbox 1081 1973 1236 2022; x_wconf 86' lang='lat' dir='ltr'><strong>deserti,</strong></span> <span class='ocrx_word' id='word_1_249' title='bbox 1259 1974 1508 2014; x_wconf 85' lang='lat' dir='ltr'><strong>coaedificati</strong></span> <span class='ocrx_word' id='word_1_250' title='bbox 1532 1988 1584 2014; x_wconf 89' lang='lat' dir='ltr'><strong>an</strong></span> 
     </span>
     <span class='ocr_line' id='line_1_29' title="bbox 247 2033 1586 2089; baseline 0.006 -18"><span class='ocrx_word' id='word_1_251' title='bbox 247 2033 357 2081; x_wconf 90' lang='lat' dir='ltr'><strong>vasti,</strong></span> <span class='ocrx_word' id='word_1_252' title='bbox 389 2033 547 2073; x_wconf 89' lang='lat' dir='ltr'><strong>obscuri</strong></span> <span class='ocrx_word' id='word_1_253' title='bbox 576 2048 627 2073; x_wconf 88' lang='lat' dir='ltr'><strong>an</strong></span> <span class='ocrx_word' id='word_1_254' title='bbox 659 2049 788 2075; x_wconf 91' lang='lat' dir='ltr'><strong>rerum</strong></span> <span class='ocrx_word' id='word_1_255' title='bbox 822 2044 1020 2087; x_wconf 89' lang='lat' dir='ltr'><strong>gestarum</strong></span> <span class='ocrx_word' id='word_1_256' title='bbox 1052 2038 1224 2089; x_wconf 90' lang='lat' dir='ltr'><strong>vestigiis</strong></span> <span class='ocrx_word' id='word_1_257' title='bbox 1254 2038 1462 2089; x_wconf 85' lang='lat' dir='ltr'><strong>nobilitati,</strong></span> <span class='ocrx_word' id='word_1_258' title='bbox 1493 2053 1586 2079; x_wconf 90' lang='lat' dir='ltr'><strong>con-</strong></span> 
     </span>
     <span class='ocr_line' id='line_1_30' title="bbox 248 2098 1585 2157; baseline 0.007 -21"><span class='ocrx_word' id='word_1_259' title='bbox 248 2098 388 2137; x_wconf 89' lang='lat' dir='ltr'><strong>secrati</strong></span> <span class='ocrx_word' id='word_1_260' title='bbox 407 2113 459 2138; x_wconf 91' lang='lat' dir='ltr'><strong>an</strong></span> <span class='ocrx_word' id='word_1_261' title='bbox 488 2100 653 2151; x_wconf 89' lang='lat' dir='ltr'><strong>profani.</strong></span> <span class='ocrx_word' id='word_1_262' title='bbox 714 2103 763 2140; x_wconf 94' lang='lat' dir='ltr'><strong>In</strong></span> <span class='ocrx_word' id='word_1_263' title='bbox 792 2102 1037 2153; x_wconf 89' lang='lat' dir='ltr'><strong>temporibus</strong></span> <span class='ocrx_word' id='word_1_264' title='bbox 1066 2111 1200 2143; x_wconf 91' lang='lat' dir='ltr'><strong>autem</strong></span> <span class='ocrx_word' id='word_1_265' title='bbox 1229 2105 1451 2155; x_wconf 88' lang='lat' dir='ltr'><strong>praesentia</strong></span> <span class='ocrx_word' id='word_1_266' title='bbox 1477 2119 1585 2157; x_wconf 89' lang='lat' dir='ltr'><strong>prae-</strong></span> 
     </span>
    </p>

    <p class='ocr_par' dir='ltr' id='par_1_9' title="bbox 247 2163 1696 2226">
     <span class='ocr_line' id='line_1_31' title="bbox 247 2163 1646 2223; baseline 0.006 -21"><span class='ocrx_word' id='word_1_267' title='bbox 247 2163 360 2203; x_wconf 87' lang='lat' dir='ltr'><strong>terita</strong></span> <span class='ocrx_word' id='word_1_268' title='bbox 379 2165 508 2203; x_wconf 88' lang='lat' dir='ltr'><strong>futura</strong></span> <span class='ocrx_word' id='word_1_269' title='bbox 523 2174 737 2205; x_wconf 91' lang='lat' dir='ltr'><strong>cernuntur</strong></span> <span class='ocrx_word' id='word_1_270' title='bbox 751 2182 762 2216; x_wconf 81' lang='lat'>;</span> <span class='ocrx_word' id='word_1_271' title='bbox 790 2166 830 2206; x_wconf 93' lang='lat' dir='ltr'><strong>in</strong></span> <span class='ocrx_word' id='word_1_272' title='bbox 852 2167 911 2206; x_wconf 87' lang='lat' dir='ltr'><strong>his</strong></span> <span class='ocrx_word' id='word_1_273' title='bbox 927 2167 1021 2219; x_wconf 86' lang='lat' dir='ltr'><strong>ipsis</strong></span> <span class='ocrx_word' id='word_1_274' title='bbox 1038 2176 1192 2208; x_wconf 89' lang='lat' dir='ltr'><strong>vetusta</strong></span> <span class='ocrx_word' id='word_1_275' title='bbox 1206 2169 1379 2210; x_wconf 91' lang='lat' dir='ltr'><strong>recentia</strong></span> <span class='ocrx_word' id='word_1_276' title='bbox 1398 2170 1584 2210; x_wconf 87' lang='lat' dir='ltr'><strong>instantia</strong></span> <span class='ocrx_word' id='word_1_277' title='bbox 1603 2190 1646 2223; x_wconf 79' lang='lat'><strong>30</strong></span> 
     </span>
    </p>

    <p class='ocr_par' dir='ltr' id='par_1_10' title="bbox 246 2230 1696 2288">
     <span class='ocr_line' id='line_1_32' title="bbox 246 2230 1696 2288; baseline 0.007 -21"><span class='ocrx_word' id='word_1_278' title='bbox 246 2230 366 2279; x_wconf 89' lang='lat' dir='ltr'><strong>paulo</strong></span> <span class='ocrx_word' id='word_1_279' title='bbox 386 2238 476 2280; x_wconf 92' lang='lat' dir='ltr'><strong>post</strong></span> <span class='ocrx_word' id='word_1_280' title='bbox 495 2238 563 2269; x_wconf 90' lang='lat' dir='ltr'><strong>aut</strong></span> <span class='ocrx_word' id='word_1_281' title='bbox 589 2231 806 2282; x_wconf 90' lang='lat' dir='ltr'><strong>aliquando</strong></span> <span class='ocrx_word' id='word_1_282' title='bbox 829 2234 969 2272; x_wconf 90' lang='lat' dir='ltr'><strong>futura.</strong></span> <span class='ocrx_word' id='word_1_283' title='bbox 1031 2236 1174 2274; x_wconf 90' lang='lat' dir='ltr'><strong>Insunt</strong></span> <span class='ocrx_word' id='word_1_284' title='bbox 1194 2235 1313 2274; x_wconf 87' lang='lat' dir='ltr'><strong>etiam</strong></span> <span class='ocrx_word' id='word_1_285' title='bbox 1339 2235 1381 2275; x_wconf 89' lang='lat' dir='ltr'><strong>in</strong></span> <span class='ocrx_word' id='word_1_286' title='bbox 1401 2236 1582 2288; x_wconf 91' lang='lat' dir='ltr'><strong>tempori-</strong></span> <span class='ocrx_word' id='word_1_287' title='bbox 1694 2231 1696 2239; x_wconf 56' lang='lat'><strong>⁴</strong></span> 
     </span>
    </p>

    <p class='ocr_par' dir='ltr' id='par_1_11' title="bbox 247 2293 1582 2353">
     <span class='ocr_line' id='line_1_33' title="bbox 247 2293 1582 2353; baseline 0.007 -21"><span class='ocrx_word' id='word_1_288' title='bbox 247 2293 321 2332; x_wconf 93' lang='lat' dir='ltr'><strong>bus</strong></span> <span class='ocrx_word' id='word_1_289' title='bbox 348 2294 414 2334; x_wconf 87' lang='lat' dir='ltr'><strong>illa</strong></span> <span class='ocrx_word' id='word_1_290' title='bbox 440 2309 543 2346; x_wconf 92' lang='lat' dir='ltr'><strong>quae</strong></span> <span class='ocrx_word' id='word_1_291' title='bbox 562 2297 751 2348; x_wconf 90' lang='lat' dir='ltr'><strong>temporis</strong></span> <span class='ocrx_word' id='word_1_292' title='bbox 772 2298 884 2350; x_wconf 90' lang='lat' dir='ltr'><strong>quasi</strong></span> <span class='ocrx_word' id='word_1_293' title='bbox 907 2306 1088 2338; x_wconf 86' lang='lat' dir='ltr'><strong>naturam</strong></span> <span class='ocrx_word' id='word_1_294' title='bbox 1109 2307 1262 2350; x_wconf 90' lang='lat' dir='ltr'><strong>notant,</strong></span> <span class='ocrx_word' id='word_1_295' title='bbox 1282 2308 1325 2340; x_wconf 92' lang='lat' dir='ltr'><strong>ut</strong></span> <span class='ocrx_word' id='word_1_296' title='bbox 1351 2300 1520 2353; x_wconf 91' lang='lat' dir='ltr'><strong>hiemps,</strong></span> <span class='ocrx_word' id='word_1_297' title='bbox 1539 2309 1582 2341; x_wconf 93' lang='lat' dir='ltr'><strong>ut</strong></span> 
     </span>
    </p>
   </div>
   <div class='ocr_carea' id='block_1_3' title="bbox 187 2075 228 2167">
    <p class='ocr_par' dir='ltr' id='par_1_12' title="bbox 187 2075 228 2167">
     <span class='ocr_line' id='line_1_34' title="bbox 192 2075 228 2103; baseline -0.028 0"><span class='ocrx_word' id='word_1_298' title='bbox 192 2075 228 2103; x_wconf 90' lang='lat'><strong>11</strong></span> 
     </span>
     <span class='ocr_line' id='line_1_35' title="bbox 187 2134 228 2167; baseline 0.049 -2"><span class='ocrx_word' id='word_1_299' title='bbox 187 2134 228 2167; x_wconf 81' lang='lat'><strong>37</strong></span> 
     </span>
    </p>
   </div>
   <div class='ocr_carea' id='block_1_4' title="bbox 245 2399 1581 2530">
    <p class='ocr_par' dir='ltr' id='par_1_13' title="bbox 245 2399 1581 2530">
     <span class='ocr_line' id='line_1_36' title="bbox 288 2399 1579 2446; baseline 0.007 -17"><span class='ocrx_word' id='word_1_300' title='bbox 288 2409 310 2438; x_wconf 87' lang='grc'><strong>9</strong></span> <span class='ocrx_word' id='word_1_301' title='bbox 332 2399 509 2432; x_wconf 82' lang='lat' dir='ltr'><strong>simillimis</strong></span> <span class='ocrx_word' id='word_1_302' title='bbox 525 2401 560 2431; x_wconf 90' lang='lat' dir='ltr'><em>P</em></span> <span class='ocrx_word' id='word_1_303' title='bbox 669 2412 707 2433; x_wconf 85' lang='lat'><strong>12</strong></span> <span class='ocrx_word' id='word_1_304' title='bbox 733 2407 886 2434; x_wconf 82' lang='lat' dir='ltr'><strong>notatum</strong></span> <span class='ocrx_word' id='word_1_305' title='bbox 903 2404 991 2446; x_wconf 86' lang='lat' dir='ltr'><strong>vulg.</strong></span> <span class='ocrx_word' id='word_1_306' title='bbox 1009 2417 1018 2436; x_wconf 75' lang='lat' dir='ltr'><strong>t</strong></span> <span class='ocrx_word' id='word_1_307' title='bbox 1041 2404 1243 2437; x_wconf 80' lang='lat' dir='ltr'><strong>notaturP:</strong></span> <span class='ocrx_word' id='word_1_308' title='bbox 1266 2410 1386 2438; x_wconf 84' lang='lat' dir='ltr'><strong>notare</strong></span> <span class='ocrx_word' id='word_1_309' title='bbox 1402 2405 1492 2439; x_wconf 88' lang='lat' dir='ltr'><strong>codd.</strong></span> <span class='ocrx_word' id='word_1_310' title='bbox 1505 2405 1579 2438; x_wconf 81' lang='lat' dir='ltr'><strong>dett.</strong></span> 
     </span>
     <span class='ocr_line' id='line_1_37' title="bbox 248 2443 1581 2492; baseline 0.008 -20"><span class='ocrx_word' id='word_1_311' title='bbox 248 2451 287 2480; x_wconf 83' lang='lat'><strong>13</strong></span> <span class='ocrx_word' id='word_1_312' title='bbox 311 2443 355 2473; x_wconf 88' lang='lat' dir='ltr'><strong>sit</strong></span> <span class='ocrx_word' id='word_1_313' title='bbox 372 2443 420 2474; x_wconf 88' lang='lat' dir='ltr'><strong>P:</strong></span> <span class='ocrx_word' id='word_1_314' title='bbox 446 2444 483 2475; x_wconf 86' lang='lat' dir='ltr'><strong>fit</strong></span> <span class='ocrx_word' id='word_1_315' title='bbox 499 2444 587 2486; x_wconf 85' lang='lat' dir='ltr'><strong>vulg.</strong></span> <span class='ocrx_word' id='word_1_316' title='bbox 692 2457 733 2485; x_wconf 85' lang='lat'><strong>24</strong></span> <span class='ocrx_word' id='word_1_317' title='bbox 758 2447 814 2478; x_wconf 87' lang='lat' dir='ltr'><strong>illa</strong></span> <span class='ocrx_word' id='word_1_318' title='bbox 831 2448 921 2489; x_wconf 84' lang='lat' dir='ltr'><strong>vu&#39;g.</strong></span> <span class='ocrx_word' id='word_1_319' title='bbox 941 2460 949 2479; x_wconf 96' lang='lat'><strong>:</strong></span> <span class='ocrx_word' id='word_1_320' title='bbox 971 2448 1037 2480; x_wconf 86' lang='lat' dir='ltr'><strong>alia</strong></span> <span class='ocrx_word' id='word_1_321' title='bbox 1052 2449 1107 2480; x_wconf 88' lang='lat' dir='ltr'><strong>P:</strong></span> <span class='ocrx_word' id='word_1_322' title='bbox 1131 2449 1196 2481; x_wconf 72' lang='lat' dir='ltr'><strong>ista</strong></span> <span class='ocrx_word' id='word_1_323' title='bbox 1218 2449 1309 2482; x_wconf 87' lang='lat' dir='ltr'><strong>codd.</strong></span> <span class='ocrx_word' id='word_1_324' title='bbox 1331 2449 1402 2482; x_wconf 80' lang='lat' dir='ltr'><strong>dett.</strong></span> <span class='ocrx_word' id='word_1_325' title='bbox 1521 2452 1581 2492; x_wconf 78' lang='lat'><strong>&#39;32</strong></span> 
     </span>
     <span class='ocr_line' id='line_1_38' title="bbox 245 2487 828 2530; baseline 0.007 -12"><span class='ocrx_word' id='word_1_326' title='bbox 245 2487 410 2526; x_wconf 81' lang='lat' dir='ltr'><strong>temporis</strong></span> <span class='ocrx_word' id='word_1_327' title='bbox 429 2488 517 2529; x_wconf 86' lang='lat' dir='ltr'><strong>vulg.</strong></span> <span class='ocrx_word' id='word_1_328' title='bbox 537 2500 544 2520; x_wconf 74' lang='grc' dir='ltr'>ε</span> <span class='ocrx_word' id='word_1_329' title='bbox 567 2490 778 2530; x_wconf 82' lang='lat' dir='ltr'><strong>temporibus</strong></span> <span class='ocrx_word' id='word_1_330' title='bbox 794 2490 828 2522; x_wconf 89' lang='lat' dir='ltr'><em>P</em></span> 
     </span>
    </p>
   </div>
  </div>
 </body>
</html>
