1696 2730
668 149 906 189 ORATOR
1421 160 1463 200 17
1482 166 1527 199 54

128 274 276 311 genere
300 260 503 312 quaerenti
529 261 716 313 respondi
741 261 861 302 etiam
886 262 1055 302 breviter
1080 264 1131 303 de
1159 263 1400 304 inveniendo
1426 272 1466 304 et

132 328 450 376 conlocando—‚
475 341 526 367 ne
554 341 662 367 nunc
692 328 855 379 quidem
883 331 1013 368 solum
1041 330 1093 369 de
1125 329 1312 369 orationis
1342 332 1465 370 modo

131 390 262 430 dicam
293 393 364 431 sed
397 391 516 431 etiam
547 394 599 432 de
627 392 818 432 actionis:
852 393 906 432 ita
935 394 1208 445 praetermissa
1237 409 1326 446 pars
1356 397 1465 434 nulla

131 455 214 504 erit,
237 458 399 507 quando
424 457 586 508 quidem
613 459 665 497 de
691 458 882 498 memoria
907 459 1006 498 nihil
1032 467 1091 499 est
1116 461 1194 499 hoc
1217 461 1307 499 loco
1333 461 1466 500 dicen-

93 539 111 571 5
130 521 239 569 dum,
275 535 376 572 quae
409 522 633 562 communis
663 532 723 562 est
756 525 967 563 multarum
1001 524 1154 564 artium.
1214 526 1307 575 Quo
1342 527 1464 566 modo
1483 540 1523 574 55

129 593 263 625 autem
282 587 448 635 dicatur,
460 587 502 627 id
521 595 580 627 est
599 587 640 626 in
667 589 836 636 duobus,
858 589 899 627 in
922 591 1078 640 agendo
1104 598 1143 629 et
1162 590 1203 629 in
1223 592 1461 642 eloquendo.

131 652 204 690 Est
235 651 342 691 enim
375 651 480 691 actio
512 652 624 703 quasi
662 653 837 704 corporis
871 656 1068 705 quaedam
1102 656 1339 706 eloquentia,
1371 670 1464 695 cum

130 724 286 756 constet
304 731 326 756 e
346 731 444 756 voce
466 725 587 768 atque
606 726 728 757 motu.
782 719 905 758 Vocis
925 720 1165 760 mutationes
1184 721 1352 761 totidem
1373 729 1465 761 sunt

129 789 228 831 quot
256 782 490 830 animorum,
519 783 588 833 qui
621 783 791 823 maxime
818 798 917 823 voce
950 793 1262 826 commoventur.
1322 788 1464 837 Itaque

9 854 43 879 ⁴-
72 861 114 885 10
130 846 196 885 ille
236 849 442 898 perfectus,
483 861 604 898 quem
645 848 725 887 iam
767 850 921 889 dudum
963 858 1098 890 nostra
1138 851 1288 891 indicat
1325 852 1464 901 oratio,

10 907 11 911 ¹
131 919 348 963 utcumque
378 926 419 952 se
447 914 650 952 adfectum
679 914 802 953 videri
831 922 870 954 et
897 915 1076 955 animum
1096 917 1293 956 audientis
1315 917 1464 956 moveri

130 976 246 1022 volet,
279 974 333 1014 ita
365 983 516 1014 certum
545 976 654 1015 vocis
687 977 916 1017 admovebit
949 991 1092 1017 sonum
1106 993 1116 1027 3
1154 980 1205 1018 de
1238 993 1319 1030 quo
1352 981 1465 1030 plura

129 1038 314 1088 dicerem,
347 1040 380 1079 si
413 1042 491 1080 hoc
523 1041 792 1092 praecipiendi
822 1050 978 1093 tempus
1010 1051 1112 1083 esset
1144 1051 1212 1083 aut
1245 1044 1277 1083 si
1310 1052 1352 1083 tu
1386 1046 1464 1084 hoc

130 1117 347 1155 quaereres.
407 1105 592 1145 Dicerem
618 1106 737 1146 etiam
765 1108 816 1146 de
843 1115 967 1158 gestu,
993 1122 1084 1148 cum
1111 1122 1192 1160 quo
1221 1109 1378 1149 iunctus
1404 1117 1464 1149 est

10 1219 11 1222 Ἰ
70 1183 113 1217 15
129 1172 283 1219 vultus;
320 1170 464 1221 quibus
502 1171 688 1211 omnibus
721 1172 800 1211 dici
830 1172 894 1212 vix
925 1181 1056 1224 potest
1089 1182 1283 1225 quantum
1313 1174 1464 1214 intersit

13 1228 19 1238 ⁷
129 1248 249 1286 quem
275 1236 328 1274 ad
356 1237 522 1275 modum
548 1244 680 1276 utatur
705 1245 844 1277 orator.
904 1240 1009 1277 Nam
1036 1247 1076 1278 et
1097 1239 1266 1279 infantes
1294 1240 1463 1280 actionis
1484 1243 1528 1286 56

128 1300 320 1351 dignitate
348 1301 599 1351 eloquentiae
627 1315 745 1353 saepe
773 1304 944 1342 fructum
974 1305 1147 1343 tulerunt
1173 1312 1213 1344 et
1238 1305 1372 1345 diserti
1398 1307 1468 1363 de—¹

129 1365 326 1405 formitate
359 1366 502 1417 agendi
535 1366 649 1406 multi
682 1367 852 1407 infantes
885 1368 1012 1420 putati
1042 1377 1158 1419 sunt3
1195 1378 1239 1409 ut
1267 1370 1346 1409 iam
1379 1385 1462 1411 non
1498 1370 1501 1372 ’

12 1476 31 1485 Ἡ
130 1430 215 1470 sine
241 1444 360 1470 causa
386 1433 681 1472 Demosthenes
707 1433 885 1472 tribuerit
908 1441 946 1473 et
965 1434 1111 1485 primas
1137 1443 1176 1474 et
1201 1438 1398 1476 secundas
1423 1444 1463 1476 et

71 1509 114 1533 πο
130 1495 262 1535 tertias
295 1496 442 1536 actioni
455 1511 466 1546 3
507 1497 540 1536 si
573 1497 679 1537 enim
717 1499 946 1549 eloquentia
982 1502 1091 1539 nulla
1127 1500 1213 1540 sine
1246 1502 1330 1549 hac,
1364 1503 1463 1542 haec

11 1549 19 1558 L
129 1568 263 1600 autern
286 1561 372 1601 sine
394 1562 623 1612 eloquentia
645 1570 754 1602 tanta
777 1571 846 1611 est,
869 1572 974 1604 certe
993 1565 1208 1616 plurimum
1228 1566 1268 1605 in
1289 1566 1463 1607 dicendo

129 1633 270 1677 potest.
327 1628 447 1666 Volet
475 1627 591 1678 igitur
618 1627 684 1667 ille
703 1628 772 1679 qui
799 1629 1050 1680 eloquentiae
1069 1630 1334 1682 principatum
1355 1639 1463 1682 petet

129 1698 168 1730 et
201 1698 389 1730 contenta
420 1705 519 1731 voce
555 1692 738 1732 atrociter
774 1693 906 1736 dicere
944 1701 983 1734 et
1013 1695 1223 1735 summissa
1255 1696 1394 1736 leniter
1423 1705 1463 1736 et

129 1755 318 1795 inclinata
340 1756 463 1796 videri
486 1757 611 1808 gravis
637 1765 677 1797 et
696 1759 838 1798 inflexa
864 1759 1096 1799 miserabilis
1110 1775 1121 1809 3
1151 1760 1249 1800 mira
1271 1770 1332 1801 est
1354 1763 1462 1802 enim
1482 1771 1522 1808 57

69 1833 111 1866 25
129 1820 327 1869 quaedam
353 1826 492 1858 natura
510 1820 629 1868 vocis,
650 1820 763 1860 cuius
783 1821 946 1872 quidem
967 1836 988 1861 e
1009 1822 1132 1862 tribus
1155 1824 1321 1863 omnino
1340 1825 1458 1874 sonis,

129 1882 274 1922 inflexo
299 1891 417 1923 acuto
442 1884 560 1935 gravi,
582 1892 691 1924 tanta
714 1885 763 1925 sit
786 1893 825 1925 et
844 1894 925 1925 tam
952 1887 1081 1927 suavis
1100 1888 1265 1928 varietas
1289 1891 1462 1941 perfecta

129 1948 168 1986 in
197 1948 390 1988 cantibus.
450 1951 522 1988 Est
549 1958 682 1990 autem
712 1951 831 1990 etiarn
861 1951 902 1990 in
928 1952 1101 1993 dicendo
1130 1953 1292 2004 quidam
1321 1963 1460 1994 cantus
1481 1953 1525 1991 18

127 2013 341 2061 obscurior,
369 2028 452 2054 non
485 2014 550 2054 hic
583 2029 605 2055 e
637 2016 805 2067 Phrygia
835 2024 874 2056 et
902 2017 1019 2057 Caria
1047 2019 1249 2059 rhetorum
1282 2020 1461 2072 epilogus

129 2091 255 2129 paene
283 2079 497 2128 canticum,
533 2082 603 2119 sed
632 2081 697 2120 ille
721 2095 841 2132 quem
875 2082 1069 2134 significat
1095 2086 1391 2125 Demosthenes
1421 2094 1461 2126 et

69 2154 112 2187 30
128 2143 358 2192 Aeschines,
391 2159 482 2184 cum
520 2147 617 2186 alter
653 2146 764 2187 alteri
803 2147 926 2187 obicit
963 2148 1071 2188 vocis
1109 2149 1322 2199 flexiones‚·
1364 2150 1461 2190 dicit

172 2257 191 2287 7
214 2257 291 2279 cum
308 2247 360 2279 L:
391 2259 479 2290 quae
496 2249 629 2281 Ernesti
802 2251 842 2282 18
865 2251 930 2282 iam
954 2251 1009 2284 L:
1044 2262 1127 2284 sane
1139 2252 1237 2291 Jahn
1417 2263 1460 2294 24

127 2290 216 2322 flexa
231 2292 352 2322 maluit
365 2291 490 2324 Schdtz
589 2294 632 2324 28
656 2293 807 2334 Phrygia
824 2294 853 2324 L
871 2299 905 2326 et
920 2295 983 2327 Iul.
1006 2295 1037 2325 V
1036 2296 1084 2327 icl.
1100 2307 1108 2328 :
1133 2296 1239 2336 Lycia
1256 2296 1393 2337 Quintil.
1410 2298 1456 2330 xi.

127 2344 157 2375 3.
175 2335 219 2374 58
283 2339 360 2376 post
375 2335 547 2367 rhetorum
571 2337 647 2369 add.
672 2337 806 2369 Ernesti
825 2348 969 2378 quorum
1066 2349 1110 2379 3ο
1132 2340 1216 2371 dicit
1232 2340 1290 2373 del.
1307 2341 1458 2372 Ernesti:

127 2377 237 2410 dicit.
266 2403 272 2410 .
297 2402 304 2410 .
331 2378 436 2410 fuisse
462 2380 531 2413 secl.
560 2380 690 2422 Meyer:
724 2381 806 2413 dicit
832 2382 995 2414 Aeschini
1025 2382 1163 2424 plorare
1193 2383 1337 2427 Madvig
1367 2385 1461 2427 (plur

128 2419 181 2453 L:
217 2421 351 2462 plorare
376 2423 528 2466 Schenkl)
