1630 2730
682 143 900 182 BRVTVS
1408 153 1459 181 22
1477 150 1518 182 88

126 255 178 293 ad
208 267 290 292 rem
321 253 515 305 pertinere
552 254 731 306 putabat,
751 253 972 305 *scriptores
1004 253 1092 293 illos
1123 254 1225 293 male
1265 255 1459 293 mulcatos

126 319 252 358 exisse
271 333 363 358 cum
384 320 513 359 Galba
525 334 536 368 3
566 333 612 359 ex
639 333 720 370 quo
740 319 985 370 significabat
1004 319 1115 358 illum
1137 332 1218 358 non
1244 318 1284 358 in
1303 321 1460 370 agendo

126 387 266 432 solum,
298 386 369 424 sed
397 385 515 425 etiam
545 385 587 423 in
616 384 848 424 meditando
874 386 1151 424 vehementem
1181 392 1301 435 atque
1330 385 1461 424 incen-

126 463 214 489 sum
247 450 377 490 fuisse.
437 450 547 500 Quid
580 452 733 489 multa?
772 464 914 502 magna
947 450 1250 501 exspectatione,
1282 450 1460 501 plurimis

89 531 107 563 5
125 515 390 564 audientibus,
423 529 556 555 coram
591 515 678 567 ipso
707 516 844 555 Laelio
873 515 929 554 sic
957 515 1065 554 illam
1093 529 1254 555 causam
1285 523 1394 554 tanta
1422 515 1460 554 vi

125 588 313 632 tantaque
327 582 514 632 gravitate
530 581 674 621 dixisse
690 582 861 621 Galbam
883 589 926 620 ut
946 583 1054 620 nulla
1069 582 1148 620 fere
1167 595 1256 632 pars
1272 580 1460 620 orationis

126 645 282 686 silentio
319 646 601 697 praeteriretur.
679 648 821 697 Itaque
865 646 999 685 multis
1044 646 1213 698 querelis
1255 648 1459 697 multaque

125 711 375 751 miseratione
393 712 573 751 adhibita
597 711 727 751 socios
755 712 942 751 omnibus
968 711 1282 763 approbantibus
1308 711 1374 751 illa
1393 712 1458 752 die

66 855 108 878 10
125 841 204 880 cari
235 842 337 890 licet,
372 856 464 881 cum
495 844 598 882 duae
629 856 808 882 summae
839 843 916 882 sint
945 843 986 882 in
1015 851 1168 883 oratore
1196 844 1345 891 laudes,
1377 857 1457 882 una

124 907 318 947 subtiliter
347 907 577 959 disputandi
609 910 662 948 ad
690 909 931 957 docendum,
962 910 1083 948 altera
1115 909 1281 959 graviter
1313 909 1456 960 agendi

123 974 175 1012 ad
207 973 362 1012 animos
392 973 639 1013 audientium
670 976 973 1025 permovendos,
1007 976 1213 1026 multoque
1245 976 1333 1025 plus
1372 988 1458 1026 pro-

123 1037 229 1077 ficiat
254 1038 286 1077 is
317 1038 384 1089 qui
405 1039 624 1079 inflammet
651 1039 824 1079 iudicem
854 1054 974 1090 quam
1003 1039 1068 1079 ille
1097 1039 1166 1090 qui
1198 1041 1351 1087 doceat,
1383 1042 1459 1079 ele-

123 1103 297 1154 gantiam
316 1103 358 1142 in
388 1104 536 1152 Laelio,
557 1104 637 1143 vim
666 1104 707 1143 in
735 1106 863 1144 Galba
886 1105 1016 1144 fuisse.
1077 1106 1192 1154 Quae
1215 1104 1378 1155 quidem
1399 1105 1456 1144 vis

68 1176 208 1216 ¹5t11m
238 1168 408 1208 maxime
434 1169 592 1220 cognita
620 1178 689 1218 est,
712 1184 804 1209 cum
826 1170 1024 1209 Lusitanis
1043 1184 1067 1209 a
1093 1172 1172 1210 Ser.
1196 1171 1325 1209 Galba
1350 1184 1458 1221 prae-

123 1242 207 1274 tore
230 1243 367 1274 contra
392 1235 676 1286 interpositam,
699 1243 742 1275 ut
767 1236 1076 1285 existimabatur,
1097 1237 1217 1275 fidem
1241 1235 1456 1275 interfectis

124 1301 168 1339 L.
191 1300 346 1340 Libone
375 1300 535 1340 tribuno
554 1301 681 1352 plebis
710 1303 903 1352 populum
927 1301 1116 1340 incitante
1145 1308 1184 1340 et
1210 1300 1456 1352 rogationem

122 1365 163 1404 in
193 1366 362 1406 Galbam
391 1366 567 1418 privilegi
596 1366 765 1406 similem
794 1368 954 1415 ferente,
985 1380 1142 1406 summa
1169 1374 1384 1414 senectute,
1414 1374 1457 1406 ut

122 1439 215 1471 ante
240 1431 331 1480 dixi,
355 1434 411 1471 M.
435 1433 537 1472 Cato
565 1434 692 1484 legem
721 1434 894 1472 suadens
917 1433 958 1471 in
985 1434 1155 1472 Galbam
1185 1434 1309 1472 multa
1335 1433 1432 1472 dixit
1445 1448 1456 1482 3

0 1506 1 1524 ³
64 1514 108 1538 πο
123 1510 243 1548 quam
263 1497 482 1536 orationem
511 1497 551 1536 in
572 1497 754 1549 Origines
774 1512 864 1537 suas
884 1498 1042 1547 rettulit,
1063 1498 1200 1549 paucis
1222 1506 1315 1537 ante
1334 1512 1454 1549 quam

125 776 356 827 quaestione
385 777 569 816 liberatos
589 791 686 817 esse.
745 779 805 816 Ex
830 779 906 816 hae
936 777 1061 817 Rutili
1084 777 1305 816 narratione
1334 777 1454 828 suspi-
1474 761 1527 843 823

124 1570 301 1601 mortuus
331 1570 390 1601 est
425 1561 509 1616 [an]
544 1563 685 1603 diebus
715 1577 767 1602 an
798 1564 1012 1603 mensibus.
1071 1566 1176 1603 Tum
1208 1563 1324 1615 igitur
1354 1565 1459 1603 nihil
1472 1579 1515 1612 90

122 1641 308 1667 recusans
329 1629 458 1667 Galba
478 1642 550 1679 pro
575 1642 661 1668 sese
681 1636 720 1668 et
739 1629 876 1680 populi
897 1628 1071 1668 Romani
1096 1630 1217 1668 fidem
1238 1629 1454 1680 implorans

122 1706 213 1731 cum
234 1706 326 1731 suos
346 1707 489 1743 pueros
509 1701 593 1732 tum
615 1694 660 1734 C.
684 1694 788 1733 Galli
807 1694 926 1733 etiam
947 1694 1070 1732 filium
1087 1695 1186 1733 flens
1201 1696 1455 1734 commenda—

0 1801 1 1806 1
125 1757 203 1805 bat,
244 1757 355 1796 cuius
389 1758 536 1797 orbitas
570 1766 609 1797 et
639 1759 754 1797 fletus
788 1758 885 1798 mire
914 1758 1147 1798 miserabilis
1186 1759 1258 1798 fuit
1295 1768 1455 1810 propter

0 1823 1 1873 J
64 1833 106 1867 25
124 1831 323 1862 recentem
348 1823 579 1862 memoriam
600 1823 804 1863 clarissimi
831 1823 951 1874 patris
965 1838 976 1872 ;
1003 1824 1116 1875 isque
1137 1838 1178 1864 se
1201 1833 1286 1863 tum
1313 1825 1455 1876 eripuit

0 1881 1 1895 ¹
123 1889 292 1936 flamma,
315 1897 474 1939 propter
499 1903 642 1940 pueros
669 1889 936 1929 misericordia
962 1890 1099 1941 populi
1119 1898 1331 1938 commota,
1353 1891 1455 1930 sicut

122 1953 227 1993 idem
249 1953 437 2004 scriptum
458 1954 614 2005 reliquit
634 1955 748 1994 Cato.
805 1957 939 2006 Atque
959 1955 1077 1994 etiam
1104 1955 1234 2006 ipsum
1255 1956 1453 1996 Libonem

120 2032 203 2058 non
231 2018 422 2058 infantem
452 2019 569 2058 video
597 2019 728 2067 fuisse,
750 2027 794 2059 ut
821 2034 869 2059 ex
897 2020 1141 2060 orationibus
1170 2021 1254 2060 eius
1280 2021 1454 2074 intellegi

121 2092 260 2134 potest.
320 2085 423 2124 Cum
456 2085 554 2124 haec
592 2085 778 2124 dixissem
812 2092 850 2125 et
887 2087 1050 2136 paulurn
1088 2085 1512 2137 interquievissemz91

0 2191 1 2196 ¹
58 2157 103 2193 ΒΟ
121 2148 231 2198 Quid
263 2149 392 2200 igitur,
425 2149 563 2200 inquit,
597 2158 656 2189 est
685 2163 838 2198 causae,
873 2152 1028 2200 Brutus,
1064 2151 1096 2190 si
1125 2159 1234 2191 tanta
1261 2152 1382 2192 virtus
1411 2153 1453 2193 in

164 2264 186 2294 9
209 2254 317 2285 Rutili
353 2254 538 2286 Friedrich:
572 2254 691 2285 Rutilii
730 2254 851 2287 Orelli:
891 2255 1020 2287 Rutilia
1053 2255 1104 2288 L:
1156 2257 1331 2289 Rutiliana
1360 2260 1451 2300 vulg.

122 2306 159 2336 14
185 2299 236 2329 vis
253 2303 322 2329 tum
340 2298 428 2339 vulg.
443 2310 452 2330 z
475 2299 504 2330 is
521 2303 574 2329 est
592 2299 691 2330 istum
708 2298 737 2329 L
888 2309 927 2339 15
951 2302 1087 2340 cognita
1111 2307 1164 2332 est
1179 2301 1230 2332 F:
1253 2302 1389 2342 cognita
1406 2304 1450 2334 sit

121 2341 150 2372 C
281 2351 318 2382 17
344 2342 380 2373 L.
397 2342 526 2373 Libone
545 2342 734 2373 Corradus:
756 2342 794 2374 T.
816 2343 947 2374 Libone
964 2343 993 2374 L
1114 2355 1151 2375 21
1177 2355 1221 2377 an
1238 2347 1306 2378 secl.
1322 2346 1454 2378 Parcus

120 2385 203 2416 nihil
228 2385 305 2417 add.
327 2385 504 2427 Corradus,
534 2386 646 2418 collato
672 2385 743 2418 Val.
767 2385 863 2419 Max.
890 2387 957 2420 viii.
983 2398 1009 2430 1,
1028 2398 1048 2419 2
1246 2400 1287 2420 22
1319 2395 1354 2422 et
1377 2391 1447 2423 secl.

120 2428 245 2471 Campe
