1696 2730
159 161 188 200 6

144 478 187 501 20

143 1137 179 1160 21

211 177 250 211 19
569 161 627 200 M.
666 161 837 200 TVLLI
878 160 1190 202 CICERONIS

205 271 425 313 serviendo.
490 272 703 313 Probabile
740 280 874 313 autem
908 286 1033 324 genus
1071 279 1130 312 est
1164 271 1363 321 orationis,
1397 272 1430 312 si
1463 286 1546 313 non

206 334 323 375 nimis
357 343 417 375 est
447 343 653 387 comptum
687 342 808 386 atque
839 335 1069 386 expolitum,
1102 334 1134 374 si
1167 342 1227 374 est
1256 334 1469 375 auctoritas
1499 349 1547 375 ac

203 402 364 452 pondus
390 400 431 439 in
454 400 595 449 verbis,
618 400 650 440 si
676 400 896 440 sententiae
918 403 980 440 vel
1006 414 1142 452 graves
1166 402 1228 440 vel
1254 408 1370 452 aptae
1396 401 1548 452 opinio-

203 466 322 506 nibus
348 466 558 506 hominum
584 480 631 506 ac
658 466 847 506 moribus.
907 460 1089 505 Inlustris
1115 474 1174 506 est
1193 473 1327 506 autem
1355 466 1492 515 oratio,
1514 466 1546 506 si

204 539 243 571 et
262 532 383 572 verba
408 532 597 583 gravitate
621 533 776 571 delecta
795 539 1000 582 ponuntur
1020 539 1059 571 et
1079 533 1267 571 translata
1289 539 1329 571 et
1349 533 1547 583 supralata
1564 547 1581 579 5

204 606 243 637 et
273 599 325 637 ad
358 611 508 637 nomen
540 597 730 638 adiuncta
768 605 806 638 et
840 597 1042 649 duplicata
1075 604 1114 637 et
1146 597 1255 637 idem
1286 596 1547 648 significantia

203 670 323 714 atque
351 663 403 702 ab
432 663 517 714 ipsa
544 663 703 703 actione
735 671 855 715 atque
884 662 1106 703 imitatione
1135 676 1265 702 rerum
1294 676 1377 702 non
1405 664 1546 704 abhor-

202 728 337 768 rentia.
398 730 470 768 Est
495 728 602 769 enim
629 730 729 768 haec
755 742 845 780 pars
871 728 1072 776 orationis,
1094 741 1197 779 quae
1221 742 1304 768 rem
1331 728 1546 768 constituat

203 806 330 844 paene
355 801 448 833 ante
477 796 615 834 oculos
630 809 640 843 3
673 794 705 833 is
736 794 843 833 enim
870 793 1040 833 maxime
1070 807 1208 833 sensus
1235 793 1448 845 attingitur,
1474 795 1545 834 sed

201 867 241 899 et
268 859 388 899 ceteri
406 867 542 900 tamen
569 867 608 899 et
632 859 802 900 maxime
832 873 945 899 mens
975 859 1060 910 ipsa
1089 859 1238 899 moveri
1264 866 1406 910 potest.
1465 861 1544 900 Sed
1567 870 1606 893 10
1691 900 1696 914 =

201 938 303 975 quae
335 924 442 964 dieta
475 932 567 964 sunt
595 926 647 964 de
681 925 859 964 oratione
893 924 1079 972 dilucida,
1111 925 1260 964 cadunt
1288 924 1330 963 in
1358 925 1462 964 hanc
1490 924 1547 964 in·
1689 914 1696 959 ἶ

200 992 362 1030 lustrem
395 990 541 1030 omnia.
606 992 678 1029 Est
716 989 824 1029 enim
857 991 946 1041 plus
985 989 1190 1041 aliquanto
1228 989 1391 1030 inlustre
1424 1003 1545 1041 quarn
1691 1001 1693 1003 ’

201 1056 299 1095 illud
319 1055 552 1095 dilucidum.
611 1057 749 1095 Altero
770 1057 813 1095 fit
833 1063 876 1095 ut
896 1055 1182 1106 intellegamus,
1204 1057 1328 1095 altero
1348 1062 1392 1095 ut
1411 1055 1545 1096 videre

200 1120 417 1160 videamur.
482 1122 610 1161 Suave
642 1128 778 1160 autem
811 1134 936 1172 genus
967 1121 1039 1160 erit
1070 1120 1231 1160 dicendi
1263 1120 1437 1172 primum
1471 1122 1546 1161 ele-

200 1186 334 1238 gantia
354 1194 392 1226 et
407 1184 655 1226 iucunditate
674 1187 885 1226 verborum
906 1186 1134 1226 sonantium
1154 1194 1193 1226 et
1208 1186 1373 1226 levium:
1398 1185 1545 1226 deinde
1567 1199 1604 1232 15

202 1251 498 1300 coniunctione,
521 1265 624 1302 quae
650 1265 782 1303 neque
811 1265 973 1302 asperos
1002 1252 1147 1291 habeat
1171 1265 1387 1291 concursus
1413 1265 1545 1303 neque

202 1316 403 1357 diiunctos
429 1324 549 1368 atque
578 1316 723 1356 hiantis
753 1324 792 1357 et
818 1317 867 1356 sit
893 1316 1191 1367 circumscripta
1218 1330 1301 1356 non
1330 1318 1450 1368 longo
1479 1330 1546 1356 an-

202 1383 327 1421 fractu
355 1384 425 1422 sed
451 1383 503 1422 ad
531 1382 710 1434 spiritum
734 1382 843 1422 vocis
869 1390 965 1434 apto
990 1383 1216 1433 habeatque
1242 1381 1543 1422 similitudinem

201 1448 563 1498 aequalitatemque
582 1448 806 1496 verborum,
829 1461 921 1487 eum
942 1462 989 1488 ex
1008 1447 1213 1487 contrariis
1237 1455 1395 1499 sumpta
1413 1448 1544 1488 verbis

200 1513 321 1553 verba
340 1513 500 1564 paribus
527 1513 634 1565 paria
660 1515 929 1565 respondeant
948 1514 1149 1564 relataque
1172 1514 1225 1553 ad
1248 1512 1356 1552 idem
1377 1514 1543 1553 verbum
1563 1526 1604 1549 20

201 1586 239 1617 et
262 1579 462 1629 geminata
487 1593 534 1619 ac
558 1579 760 1630 duplicata
778 1581 841 1619 vel
861 1579 981 1618 etiarn
1005 1578 1161 1629 saepius
1188 1578 1327 1618 iterata
1345 1586 1544 1630 ponantur

200 1643 525 1694 constructioque
540 1644 752 1683 verborum
767 1651 852 1682 tum
868 1642 1220 1683 coniunctionibus
1236 1643 1443 1693 copuletur
1457 1650 1543 1682 tum

166 1721 179 1742 2
200 1708 530 1748 dissolutionibus
561 1708 674 1759 quasi
704 1710 907 1748 relaxetur.
973 1708 1060 1748 Fiet
1093 1707 1213 1747 etiam
1244 1707 1373 1747 suavis
1404 1707 1540 1757 oratio,

199 1788 291 1814 cum
318 1774 468 1825 aliquid
488 1782 556 1814 aut
576 1774 808 1813 inusitatum
836 1781 905 1813 aut
919 1773 1143 1813 inauditum
1162 1780 1230 1812 aut
1249 1787 1399 1814 novum
1419 1773 1540 1814 dieas.

202 1841 385 1879 Delectat
411 1839 529 1879 etiam
557 1839 749 1890 quiequid
779 1846 837 1879 est
866 1839 1099 1879 admirabile
1129 1838 1379 1890 maximeque
1408 1847 1542 1880 movet
1562 1851 1601 1884 25

201 1919 247 1944 ea
277 1919 380 1956 quae
406 1912 561 1944 motum
587 1905 761 1956 aliquem
788 1905 931 1944 animis
958 1904 1035 1944 ciet
1064 1904 1190 1944 oratio
1219 1918 1402 1956 quaeque
1427 1904 1543 1957 signi-

201 1971 292 2010 ficat
321 1970 485 2009 oratoris
515 1970 637 2021 ipsius
670 1970 852 2010 amabilis
886 1984 1015 2010 mores
1030 1985 1040 2019 ;
1078 1970 1146 2021 qui
1175 1970 1447 2021 exprimuntur
1474 1978 1542 2010 aut

201 2034 396 2086 signando
430 2035 579 2075 iudicio
609 2036 732 2087 ipsius
767 2043 806 2076 et
839 2035 974 2075 animo
1005 2037 1183 2075 humano
1216 2048 1263 2074 ac
1294 2034 1446 2075 liberali
1472 2043 1542 2075 aut

200 2101 413 2141 inflexione
447 2101 641 2141 sermonis
675 2101 707 2141 si
740 2108 808 2142 aut
837 2101 1010 2153 augendi
1043 2100 1202 2141 alterius
1235 2108 1303 2140 aut
1333 2100 1541 2141 minuendi

244 2214 264 2244 5
289 2210 323 2236 et
346 2206 519 2246 supralata
542 2217 609 2237 om.
638 2206 672 2237 P
803 2217 821 2247 7
846 2211 948 2247 atque
975 2205 1165 2236 imitatione
1192 2215 1258 2237 om.
1288 2205 1322 2236 P
1346 2204 1435 2236 codd.
1463 2205 1538 2239 dett.

202 2249 377 2287 (Frt'edn'ch
394 2251 514 2290 conseri
529 2250 642 2291 Quint.
659 2249 727 2282 viii.
745 2260 775 2290 3.
795 2250 855 2291 43)
1015 2260 1038 2290 9
1061 2249 1090 2281 is
1105 2249 1195 2290 vulg.
1212 2260 1219 2281 :
1245 2249 1286 2280 iis
1302 2248 1352 2280 P:
1377 2248 1432 2280 his
1447 2249 1536 2282 codd.

204 2303 240 2324 11
266 2298 346 2324 sunt
362 2304 431 2326 om.
446 2294 481 2325 P
621 2304 660 2334 14
685 2294 830 2334 primum
848 2304 914 2326 om.
931 2294 965 2325 P
1094 2303 1138 2324 20
1161 2292 1264 2324 verba
1279 2292 1329 2324 P:
1420 2293 1540 2325 crebra

201 2337 330 2368 crebris
354 2337 442 2379 vulg.
607 2348 650 2378 24
674 2338 874 2370 inusitatum
897 2338 1012 2379 vng‘A
1042 2336 1186 2368 invisum
1211 2341 1305 2367 tuum
1327 2335 1416 2368 codd.
1440 2336 1538 2370 deta:

201 2386 295 2411 tuum
312 2379 346 2410 P
489 2382 532 2412 26
555 2382 678 2413 animis
694 2382 762 2414 ciet
777 2381 942 2414 Friedn‘clz
959 2393 966 2414 ε
990 2379 1096 2412 animi
1115 2380 1182 2412 ciet
1197 2380 1344 2412 Mic'ller:
1367 2379 1539 2414 animiscit

201 2423 250 2456 P:
276 2424 381 2455 animi
398 2425 517 2456 miscet
535 2425 624 2467 vulg.
