<?xml version="1.0" encoding="UTF-8"?>
<!DOCTYPE html PUBLIC "-//W3C//DTD XHTML 1.0 Transitional//EN"
    "http://www.w3.org/TR/xhtml1/DTD/xhtml1-transitional.dtd">
<html xmlns="http://www.w3.org/1999/xhtml" xml:lang="en" lang="en">
 <head>
  <title>
</title>
<meta http-equiv="Content-Type" content="text/html;charset=utf-8" />
  <meta name='ocr-system' content='tesseract 3.04.00' />
  <meta name='ocr-capabilities' content='ocr_page ocr_carea ocr_par ocr_line ocrx_word'/>
</head>
<body>
  <div class='ocr_page' id='page_1' title='image "./rhetoricarecogno02ciceuoft_0172.png"; bbox 0 0 1696 2730; ppageno 0'>
   <div class='ocr_carea' id='block_1_1' title="bbox 131 129 1203 177">
    <p class='ocr_par' dir='ltr' id='par_1_1' title="bbox 131 129 1203 177">
     <span class='ocr_line' id='line_1_1' title="bbox 131 129 1203 177; baseline 0.003 -12"><span class='ocrx_word' id='word_1_1' title='bbox 131 136 203 174; x_wconf 89' lang='lat'>-44</span> <span class='ocrx_word' id='word_1_2' title='bbox 223 143 288 177; x_wconf 58' lang='lat'>-149</span> <span class='ocrx_word' id='word_1_3' title='bbox 582 129 640 167; x_wconf 90' lang='lat' dir='ltr'>M.</span> <span class='ocrx_word' id='word_1_4' title='bbox 679 129 851 167; x_wconf 88' lang='lat' dir='ltr'>TVLLI</span> <span class='ocrx_word' id='word_1_5' title='bbox 892 129 1203 169; x_wconf 78' lang='lat' dir='ltr'>CICERONIS</span> 
     </span>
    </p>
   </div>
   <div class='ocr_carea' id='block_1_2' title="bbox 141 494 1597 547">
    <p class='ocr_par' dir='ltr' id='par_1_2' title="bbox 141 494 1597 547">
     <span class='ocr_line' id='line_1_2' title="bbox 141 494 1597 547; baseline 0.001 -14"><span class='ocrx_word' id='word_1_6' title='bbox 141 506 205 538; x_wconf 87' lang='lat'>150</span> <span class='ocrx_word' id='word_1_7' title='bbox 223 495 331 533; x_wconf 95' lang='lat' dir='ltr'>Nolo</span> <span class='ocrx_word' id='word_1_8' title='bbox 363 496 463 534; x_wconf 90' lang='lat' dir='ltr'>haec</span> <span class='ocrx_word' id='word_1_9' title='bbox 493 503 574 534; x_wconf 88' lang='lat' dir='ltr'>tam</span> <span class='ocrx_word' id='word_1_10' title='bbox 608 494 762 534; x_wconf 89' lang='lat' dir='ltr'>minuta</span> <span class='ocrx_word' id='word_1_11' title='bbox 794 495 1037 535; x_wconf 85' lang='lat' dir='ltr'>constructio</span> <span class='ocrx_word' id='word_1_12' title='bbox 1066 502 1252 546; x_wconf 85' lang='lat' dir='ltr'>appareat</span> <span class='ocrx_word' id='word_1_13' title='bbox 1268 510 1279 544; x_wconf 79' lang='lat'><em>3</em></span> <span class='ocrx_word' id='word_1_14' title='bbox 1321 496 1392 535; x_wconf 92' lang='lat' dir='ltr'>sed</span> <span class='ocrx_word' id='word_1_15' title='bbox 1425 502 1559 534; x_wconf 90' lang='lat' dir='ltr'>tamen</span> <span class='ocrx_word' id='word_1_16' title='bbox 1579 514 1597 547; x_wconf 85' lang='lat'><strong>5</strong></span> 
     </span>
    </p>
   </div>
   <div class='ocr_carea' id='block_1_3' title="bbox 145 1097 203 1129">
    <p class='ocr_par' dir='ltr' id='par_1_3' title="bbox 145 1097 203 1129">
     <span class='ocr_line' id='line_1_3' title="bbox 145 1097 203 1129; baseline -0.017 -10"><span class='ocrx_word' id='word_1_17' title='bbox 145 1097 203 1129; x_wconf 85' lang='lat'>151</span> 
     </span>
    </p>
   </div>
   <div class='ocr_carea' id='block_1_4' title="bbox 149 1779 208 1810">
    <p class='ocr_par' dir='ltr' id='par_1_4' title="bbox 149 1779 208 1810">
     <span class='ocr_line' id='line_1_4' title="bbox 149 1779 208 1810; baseline 0.034 -11"><span class='ocrx_word' id='word_1_18' title='bbox 149 1779 208 1810; x_wconf 85' lang='lat'>152</span> 
     </span>
    </p>
   </div>
   <div class='ocr_carea' id='block_1_5' title="bbox 156 1717 1566 1793">
    <p class='ocr_par' dir='ltr' id='par_1_5' title="bbox 156 1717 1566 1793">
     <span class='ocr_line' id='line_1_5' title="bbox 156 1717 1566 1793; baseline 0.001 -14"><span class='ocrx_word' id='word_1_19' title='bbox 156 1717 210 1756; x_wconf 80' lang='lat'>45</span> <span class='ocrx_word' id='word_1_20' title='bbox 281 1741 360 1780; x_wconf 91' lang='lat' dir='ltr'>Sed</span> <span class='ocrx_word' id='word_1_21' title='bbox 382 1740 524 1780; x_wconf 89' lang='lat' dir='ltr'>Graeci</span> <span class='ocrx_word' id='word_1_22' title='bbox 550 1740 747 1790; x_wconf 79' lang='lat' dir='ltr'>viderint3</span> <span class='ocrx_word' id='word_1_23' title='bbox 774 1741 891 1781; x_wconf 91' lang='lat' dir='ltr'>nobis</span> <span class='ocrx_word' id='word_1_24' title='bbox 920 1755 971 1781; x_wconf 91' lang='lat' dir='ltr'>ne</span> <span class='ocrx_word' id='word_1_25' title='bbox 1000 1742 1032 1781; x_wconf 91' lang='lat' dir='ltr'>si</span> <span class='ocrx_word' id='word_1_26' title='bbox 1061 1742 1268 1793; x_wconf 85' lang='lat' dir='ltr'>cupiamus</span> <span class='ocrx_word' id='word_1_27' title='bbox 1297 1741 1460 1793; x_wconf 91' lang='lat' dir='ltr'>quidem</span> <span class='ocrx_word' id='word_1_28' title='bbox 1489 1740 1566 1781; x_wconf 85' lang='lat' dir='ltr'>dis-</span> 
     </span>
    </p>
   </div>
   <div class='ocr_carea' id='block_1_6' title="bbox 220 231 1558 480">
    <p class='ocr_par' dir='ltr' id='par_1_6' title="bbox 220 231 1558 480">
     <span class='ocr_line' id='line_1_6' title="bbox 220 231 1558 284; baseline 0.001 -14"><span class='ocrx_word' id='word_1_29' title='bbox 220 239 306 270; x_wconf 84' lang='lat' dir='ltr'>tum</span> <span class='ocrx_word' id='word_1_30' title='bbox 335 231 496 282; x_wconf 90' lang='lat' dir='ltr'>puerilis</span> <span class='ocrx_word' id='word_1_31' title='bbox 524 233 637 272; x_wconf 90' lang='lat' dir='ltr'>labor</span> <span class='ocrx_word' id='word_1_32' title='bbox 651 247 662 282; x_wconf 74' lang='lat'>5</span> <span class='ocrx_word' id='word_1_33' title='bbox 692 234 802 284; x_wconf 91' lang='lat' dir='ltr'>quod</span> <span class='ocrx_word' id='word_1_34' title='bbox 830 234 938 284; x_wconf 87' lang='lat' dir='ltr'>apud</span> <span class='ocrx_word' id='word_1_35' title='bbox 968 232 1167 272; x_wconf 86' lang='lat' dir='ltr'>Lucilium</span> <span class='ocrx_word' id='word_1_36' title='bbox 1197 232 1295 273; x_wconf 86' lang='lat' dir='ltr'>scite</span> <span class='ocrx_word' id='word_1_37' title='bbox 1323 232 1491 284; x_wconf 85' lang='lat' dir='ltr'>exagitat</span> <span class='ocrx_word' id='word_1_38' title='bbox 1517 232 1558 272; x_wconf 84' lang='lat' dir='ltr'>in</span> 
     </span>
     <span class='ocr_line' id='line_1_7' title="bbox 221 296 638 338; baseline 0.005 -3"><span class='ocrx_word' id='word_1_39' title='bbox 221 296 395 337; x_wconf 92' lang='lat' dir='ltr'>Albucio</span> <span class='ocrx_word' id='word_1_40' title='bbox 425 299 638 338; x_wconf 87' lang='lat' dir='ltr'>Scaevola:</span> 
     </span>
     <span class='ocr_line' id='line_1_8' title="bbox 303 363 1450 415; baseline 0.001 -13"><span class='ocrx_word' id='word_1_41' title='bbox 303 376 423 413; x_wconf 91' lang='lat' dir='ltr'>quam</span> <span class='ocrx_word' id='word_1_42' title='bbox 453 363 585 414; x_wconf 87' lang='lat' dir='ltr'>lepide</span> <span class='ocrx_word' id='word_1_43' title='bbox 613 363 709 403; x_wconf 90' lang='lat' dir='ltr'>lexis</span> <span class='ocrx_word' id='word_1_44' title='bbox 738 371 969 415; x_wconf 88' lang='lat' dir='ltr'>compostae</span> <span class='ocrx_word' id='word_1_45' title='bbox 998 371 1041 403; x_wconf 90' lang='lat' dir='ltr'>ut</span> <span class='ocrx_word' id='word_1_46' title='bbox 1069 365 1282 404; x_wconf 85' lang='lat' dir='ltr'>tesserulae</span> <span class='ocrx_word' id='word_1_47' title='bbox 1310 377 1450 404; x_wconf 90' lang='lat' dir='ltr'>omnes</span> 
     </span>
     <span class='ocr_line' id='line_1_9' title="bbox 302 429 1370 480; baseline 0.001 -13"><span class='ocrx_word' id='word_1_48' title='bbox 302 436 385 467; x_wconf 90' lang='lat' dir='ltr'>arte</span> <span class='ocrx_word' id='word_1_49' title='bbox 413 429 642 480; x_wconf 87' lang='lat' dir='ltr'>pavimento</span> <span class='ocrx_word' id='word_1_50' title='bbox 670 437 790 480; x_wconf 91' lang='lat' dir='ltr'>atque</span> <span class='ocrx_word' id='word_1_51' title='bbox 818 430 1058 469; x_wconf 84' lang='lat' dir='ltr'>emblemate</span> <span class='ocrx_word' id='word_1_52' title='bbox 1086 429 1370 469; x_wconf 85' lang='lat' dir='ltr'>vermiculato!</span> 
     </span>
    </p>
   </div>
   <div class='ocr_carea' id='block_1_7' title="bbox 221 560 1655 1727">
    <p class='ocr_par' dir='ltr' id='par_1_7' title="bbox 221 560 1655 1727">
     <span class='ocr_line' id='line_1_10' title="bbox 221 560 1560 612; baseline 0.001 -13"><span class='ocrx_word' id='word_1_53' title='bbox 221 560 332 599; x_wconf 89' lang='lat' dir='ltr'>stilus</span> <span class='ocrx_word' id='word_1_54' title='bbox 353 560 586 600; x_wconf 88' lang='lat' dir='ltr'>exercitatus</span> <span class='ocrx_word' id='word_1_55' title='bbox 606 560 749 600; x_wconf 90' lang='lat' dir='ltr'>efficiet</span> <span class='ocrx_word' id='word_1_56' title='bbox 768 561 882 600; x_wconf 87' lang='lat' dir='ltr'>facile</span> <span class='ocrx_word' id='word_1_57' title='bbox 902 562 1113 600; x_wconf 90' lang='lat' dir='ltr'>formulam</span> <span class='ocrx_word' id='word_1_58' title='bbox 1128 560 1410 612; x_wconf 90' lang='lat' dir='ltr'>componendi.</span> <span class='ocrx_word' id='word_1_59' title='bbox 1453 562 1560 600; x_wconf 90' lang='lat' dir='ltr'>Nam</span> 
     </span>
     <span class='ocr_line' id='line_1_11' title="bbox 221 625 1561 678; baseline 0.001 -14"><span class='ocrx_word' id='word_1_60' title='bbox 221 633 265 664; x_wconf 90' lang='lat' dir='ltr'>ut</span> <span class='ocrx_word' id='word_1_61' title='bbox 284 625 324 664; x_wconf 91' lang='lat' dir='ltr'>in</span> <span class='ocrx_word' id='word_1_62' title='bbox 345 627 515 677; x_wconf 83' lang='lat' dir='ltr'>legendo</span> <span class='ocrx_word' id='word_1_63' title='bbox 541 628 680 665; x_wconf 89' lang='lat' dir='ltr'>oculus</span> <span class='ocrx_word' id='word_1_64' title='bbox 707 626 762 665; x_wconf 92' lang='lat' dir='ltr'>sic</span> <span class='ocrx_word' id='word_1_65' title='bbox 788 626 944 666; x_wconf 90' lang='lat' dir='ltr'>animus</span> <span class='ocrx_word' id='word_1_66' title='bbox 970 626 1010 665; x_wconf 88' lang='lat' dir='ltr'>in</span> <span class='ocrx_word' id='word_1_67' title='bbox 1031 626 1204 666; x_wconf 87' lang='lat' dir='ltr'>dicendo</span> <span class='ocrx_word' id='word_1_68' title='bbox 1230 625 1444 678; x_wconf 88' lang='lat' dir='ltr'>prospiciet</span> <span class='ocrx_word' id='word_1_69' title='bbox 1463 625 1561 677; x_wconf 91' lang='lat' dir='ltr'>quid</span> 
     </span>
     <span class='ocr_line' id='line_1_12' title="bbox 222 691 1560 743; baseline 0.001 -13"><span class='ocrx_word' id='word_1_70' title='bbox 222 699 420 743; x_wconf 88' lang='lat' dir='ltr'>sequatur,</span> <span class='ocrx_word' id='word_1_71' title='bbox 461 705 512 731; x_wconf 91' lang='lat' dir='ltr'>ne</span> <span class='ocrx_word' id='word_1_72' title='bbox 556 700 820 731; x_wconf 89' lang='lat' dir='ltr'>extremorum</span> <span class='ocrx_word' id='word_1_73' title='bbox 863 693 1075 731; x_wconf 89' lang='lat' dir='ltr'>verborum</span> <span class='ocrx_word' id='word_1_74' title='bbox 1123 706 1214 731; x_wconf 92' lang='lat' dir='ltr'>cum</span> <span class='ocrx_word' id='word_1_75' title='bbox 1259 691 1560 743; x_wconf 87' lang='lat' dir='ltr'>insequentibus</span> 
     </span>
     <span class='ocr_line' id='line_1_13' title="bbox 222 756 1559 809; baseline 0.001 -14"><span class='ocrx_word' id='word_1_76' title='bbox 222 756 358 808; x_wconf 90' lang='lat' dir='ltr'>primis</span> <span class='ocrx_word' id='word_1_77' title='bbox 396 771 612 796; x_wconf 87' lang='lat' dir='ltr'>concursus</span> <span class='ocrx_word' id='word_1_78' title='bbox 649 765 718 796; x_wconf 90' lang='lat' dir='ltr'>aut</span> <span class='ocrx_word' id='word_1_79' title='bbox 761 757 913 797; x_wconf 88' lang='lat' dir='ltr'>hiulcas</span> <span class='ocrx_word' id='word_1_80' title='bbox 949 771 1068 797; x_wconf 89' lang='lat' dir='ltr'>voces</span> <span class='ocrx_word' id='word_1_81' title='bbox 1106 757 1249 797; x_wconf 88' lang='lat' dir='ltr'>efficiat</span> <span class='ocrx_word' id='word_1_82' title='bbox 1285 765 1354 796; x_wconf 90' lang='lat' dir='ltr'>aut</span> <span class='ocrx_word' id='word_1_83' title='bbox 1389 770 1559 809; x_wconf 90' lang='lat' dir='ltr'>asperas.</span> 
     </span>
     <span class='ocr_line' id='line_1_14' title="bbox 224 822 1622 873; baseline 0.003 -13"><span class='ocrx_word' id='word_1_84' title='bbox 224 823 418 872; x_wconf 86' lang='lat' dir='ltr'>Quamvis</span> <span class='ocrx_word' id='word_1_85' title='bbox 451 823 557 861; x_wconf 93' lang='lat' dir='ltr'>enim</span> <span class='ocrx_word' id='word_1_86' title='bbox 592 836 731 862; x_wconf 91' lang='lat' dir='ltr'>suaves</span> <span class='ocrx_word' id='word_1_87' title='bbox 760 836 977 873; x_wconf 89' lang='lat' dir='ltr'>gravesque</span> <span class='ocrx_word' id='word_1_88' title='bbox 1015 822 1235 862; x_wconf 87' lang='lat' dir='ltr'>sententiae</span> <span class='ocrx_word' id='word_1_89' title='bbox 1267 831 1415 873; x_wconf 91' lang='lat' dir='ltr'>tamen,</span> <span class='ocrx_word' id='word_1_90' title='bbox 1445 822 1477 862; x_wconf 91' lang='lat' dir='ltr'>si</span> <span class='ocrx_word' id='word_1_91' title='bbox 1507 822 1563 862; x_wconf 90' lang='lat' dir='ltr'>in·</span> <span class='ocrx_word' id='word_1_92' title='bbox 1583 841 1622 864; x_wconf 91' lang='lat'>10</span> 
     </span>
     <span class='ocr_line' id='line_1_15' title="bbox 223 887 1562 940; baseline 0 -13"><span class='ocrx_word' id='word_1_93' title='bbox 223 888 385 927; x_wconf 89' lang='lat' dir='ltr'>condite</span> <span class='ocrx_word' id='word_1_94' title='bbox 418 887 556 939; x_wconf 88' lang='lat' dir='ltr'>positis</span> <span class='ocrx_word' id='word_1_95' title='bbox 590 888 718 928; x_wconf 90' lang='lat' dir='ltr'>verbis</span> <span class='ocrx_word' id='word_1_96' title='bbox 752 890 976 936; x_wconf 86' lang='lat' dir='ltr'>efferuntur,</span> <span class='ocrx_word' id='word_1_97' title='bbox 1011 890 1216 928; x_wconf 89' lang='lat' dir='ltr'>offendent</span> <span class='ocrx_word' id='word_1_98' title='bbox 1247 888 1363 937; x_wconf 90' lang='lat' dir='ltr'>auris,</span> <span class='ocrx_word' id='word_1_99' title='bbox 1394 901 1562 940; x_wconf 89' lang='lat' dir='ltr'>quarum</span> 
     </span>
     <span class='ocr_line' id='line_1_16' title="bbox 223 953 1564 1005; baseline 0.001 -13"><span class='ocrx_word' id='word_1_100' title='bbox 223 961 283 992; x_wconf 88' lang='lat' dir='ltr'>est</span> <span class='ocrx_word' id='word_1_101' title='bbox 309 953 501 992; x_wconf 91' lang='lat' dir='ltr'>iudicium</span> <span class='ocrx_word' id='word_1_102' title='bbox 527 953 866 1004; x_wconf 87' lang='lat' dir='ltr'>superbissimum.</span> <span class='ocrx_word' id='word_1_103' title='bbox 926 955 1049 1004; x_wconf 85' lang='lat' dir='ltr'>Quod</span> <span class='ocrx_word' id='word_1_104' title='bbox 1075 954 1238 1005; x_wconf 90' lang='lat' dir='ltr'>quidem</span> <span class='ocrx_word' id='word_1_105' title='bbox 1263 954 1405 993; x_wconf 88' lang='lat' dir='ltr'>Latina</span> <span class='ocrx_word' id='word_1_106' title='bbox 1429 954 1564 1005; x_wconf 88' lang='lat' dir='ltr'>lingua</span> 
     </span>
     <span class='ocr_line' id='line_1_17' title="bbox 224 1019 1564 1070; baseline 0.001 -13"><span class='ocrx_word' id='word_1_107' title='bbox 224 1019 280 1058; x_wconf 90' lang='lat' dir='ltr'>sic</span> <span class='ocrx_word' id='word_1_108' title='bbox 314 1019 507 1068; x_wconf 86' lang='lat' dir='ltr'>observat,</span> <span class='ocrx_word' id='word_1_109' title='bbox 544 1033 664 1059; x_wconf 91' lang='lat' dir='ltr'>nemo</span> <span class='ocrx_word' id='word_1_110' title='bbox 702 1027 745 1059; x_wconf 92' lang='lat' dir='ltr'>ut</span> <span class='ocrx_word' id='word_1_111' title='bbox 778 1027 857 1058; x_wconf 90' lang='lat' dir='ltr'>tam</span> <span class='ocrx_word' id='word_1_112' title='bbox 892 1019 1061 1059; x_wconf 88' lang='lat' dir='ltr'>rusticus</span> <span class='ocrx_word' id='word_1_113' title='bbox 1099 1019 1148 1059; x_wconf 92' lang='lat' dir='ltr'>sit</span> <span class='ocrx_word' id='word_1_114' title='bbox 1178 1019 1247 1070; x_wconf 89' lang='lat' dir='ltr'>qui</span> <span class='ocrx_word' id='word_1_115' title='bbox 1279 1019 1426 1059; x_wconf 91' lang='lat' dir='ltr'>vocalis</span> <span class='ocrx_word' id='word_1_116' title='bbox 1464 1019 1564 1059; x_wconf 86' lang='lat' dir='ltr'>nolit</span> 
     </span>
     <span class='ocr_line' id='line_1_18' title="bbox 224 1084 1566 1137; baseline 0.001 -14"><span class='ocrx_word' id='word_1_117' title='bbox 224 1084 475 1135; x_wconf 85' lang='lat' dir='ltr'>coniungere.</span> <span class='ocrx_word' id='word_1_118' title='bbox 531 1086 580 1123; x_wconf 93' lang='lat' dir='ltr'>In</span> <span class='ocrx_word' id='word_1_119' title='bbox 601 1098 681 1136; x_wconf 93' lang='lat' dir='ltr'>quo</span> <span class='ocrx_word' id='word_1_120' title='bbox 702 1085 864 1136; x_wconf 92' lang='lat' dir='ltr'>quidam</span> <span class='ocrx_word' id='word_1_121' title='bbox 886 1085 1006 1125; x_wconf 90' lang='lat' dir='ltr'>etiam</span> <span class='ocrx_word' id='word_1_122' title='bbox 1026 1086 1336 1137; x_wconf 88' lang='lat' dir='ltr'>Theopompum</span> <span class='ocrx_word' id='word_1_123' title='bbox 1357 1086 1566 1137; x_wconf 87' lang='lat' dir='ltr'>reprehen-</span> 
     </span>
     <span class='ocr_line' id='line_1_19' title="bbox 224 1150 1655 1202; baseline 0.001 -14"><span class='ocrx_word' id='word_1_124' title='bbox 224 1151 335 1198; x_wconf 84' lang='lat' dir='ltr'>dunt,</span> <span class='ocrx_word' id='word_1_125' title='bbox 352 1151 462 1200; x_wconf 91' lang='lat' dir='ltr'>quod</span> <span class='ocrx_word' id='word_1_126' title='bbox 482 1163 548 1189; x_wconf 89' lang='lat' dir='ltr'>eas</span> <span class='ocrx_word' id='word_1_127' title='bbox 572 1150 719 1190; x_wconf 84' lang='lat' dir='ltr'>litteras</span> <span class='ocrx_word' id='word_1_128' title='bbox 735 1158 847 1190; x_wconf 89' lang='lat' dir='ltr'>tanto</span> <span class='ocrx_word' id='word_1_129' title='bbox 863 1164 982 1202; x_wconf 92' lang='lat' dir='ltr'>opere</span> <span class='ocrx_word' id='word_1_130' title='bbox 1002 1151 1154 1202; x_wconf 84' lang='lat' dir='ltr'>fugerit,</span> <span class='ocrx_word' id='word_1_131' title='bbox 1169 1151 1242 1190; x_wconf 88' lang='lat' dir='ltr'>etsi</span> <span class='ocrx_word' id='word_1_132' title='bbox 1257 1150 1364 1190; x_wconf 90' lang='lat' dir='ltr'>idem</span> <span class='ocrx_word' id='word_1_133' title='bbox 1380 1150 1564 1202; x_wconf 84' lang='lat' dir='ltr'>magister</span> <span class='ocrx_word' id='word_1_134' title='bbox 1583 1166 1622 1199; x_wconf 83' lang='lat'>15</span> <span class='ocrx_word' id='word_1_135' title='bbox 1651 1182 1655 1183; x_wconf 17' lang='grc' dir='ltr'><em>γ</em></span> 
     </span>
     <span class='ocr_line' id='line_1_20' title="bbox 224 1215 1564 1268; baseline 0.001 -14"><span class='ocrx_word' id='word_1_136' title='bbox 224 1215 308 1255; x_wconf 90' lang='lat' dir='ltr'>eius</span> <span class='ocrx_word' id='word_1_137' title='bbox 339 1218 534 1255; x_wconf 89' lang='lat' dir='ltr'>Isocrates</span> <span class='ocrx_word' id='word_1_138' title='bbox 563 1217 733 1264; x_wconf 89' lang='lat' dir='ltr'>fecerat;</span> <span class='ocrx_word' id='word_1_139' title='bbox 769 1224 809 1255; x_wconf 92' lang='lat' dir='ltr'>at</span> <span class='ocrx_word' id='word_1_140' title='bbox 837 1230 920 1256; x_wconf 91' lang='lat' dir='ltr'>non</span> <span class='ocrx_word' id='word_1_141' title='bbox 940 1217 1210 1268; x_wconf 88' lang='lat' dir='ltr'>Thucydides,</span> <span class='ocrx_word' id='word_1_142' title='bbox 1233 1230 1283 1256; x_wconf 91' lang='lat' dir='ltr'>ne</span> <span class='ocrx_word' id='word_1_143' title='bbox 1309 1216 1374 1256; x_wconf 89' lang='lat' dir='ltr'>ille</span> <span class='ocrx_word' id='word_1_144' title='bbox 1400 1215 1564 1267; x_wconf 87' lang='lat' dir='ltr'>quidem</span> 
     </span>
     <span class='ocr_line' id='line_1_21' title="bbox 225 1281 1566 1333; baseline 0.001 -13"><span class='ocrx_word' id='word_1_145' title='bbox 225 1283 333 1321; x_wconf 89' lang='lat' dir='ltr'>haud</span> <span class='ocrx_word' id='word_1_146' title='bbox 360 1283 480 1332; x_wconf 91' lang='lat' dir='ltr'>paulo</span> <span class='ocrx_word' id='word_1_147' title='bbox 504 1281 629 1321; x_wconf 91' lang='lat' dir='ltr'>maior</span> <span class='ocrx_word' id='word_1_148' title='bbox 654 1281 820 1333; x_wconf 89' lang='lat' dir='ltr'>scriptor</span> <span class='ocrx_word' id='word_1_149' title='bbox 844 1284 957 1322; x_wconf 90' lang='lat' dir='ltr'>Plato</span> <span class='ocrx_word' id='word_1_150' title='bbox 981 1296 1055 1322; x_wconf 92' lang='lat' dir='ltr'>nec</span> <span class='ocrx_word' id='word_1_151' title='bbox 1079 1284 1207 1322; x_wconf 88' lang='lat' dir='ltr'>solum</span> <span class='ocrx_word' id='word_1_152' title='bbox 1234 1282 1275 1321; x_wconf 92' lang='lat' dir='ltr'>in</span> <span class='ocrx_word' id='word_1_153' title='bbox 1302 1281 1358 1321; x_wconf 89' lang='lat' dir='ltr'>eis</span> <span class='ocrx_word' id='word_1_154' title='bbox 1378 1281 1566 1322; x_wconf 88' lang='lat' dir='ltr'>sermoni—</span> 
     </span>
     <span class='ocr_line' id='line_1_22' title="bbox 224 1347 1566 1402; baseline 0 -15"><span class='ocrx_word' id='word_1_155' title='bbox 224 1347 300 1387; x_wconf 92' lang='lat' dir='ltr'>bus</span> <span class='ocrx_word' id='word_1_156' title='bbox 325 1347 393 1398; x_wconf 92' lang='lat' dir='ltr'>qui</span> <span class='ocrx_word' id='word_1_157' title='bbox 412 1348 582 1402; x_wconf 81' lang='grc' dir='ltr'>διάλογοι</span> <span class='ocrx_word' id='word_1_158' title='bbox 601 1347 797 1396; x_wconf 86' lang='lat' dir='ltr'>dicuntur,</span> <span class='ocrx_word' id='word_1_159' title='bbox 820 1348 888 1387; x_wconf 94' lang='lat' dir='ltr'>ubi</span> <span class='ocrx_word' id='word_1_160' title='bbox 914 1348 1034 1387; x_wconf 90' lang='lat' dir='ltr'>etiam</span> <span class='ocrx_word' id='word_1_161' title='bbox 1063 1349 1114 1387; x_wconf 92' lang='lat' dir='ltr'>de</span> <span class='ocrx_word' id='word_1_162' title='bbox 1140 1347 1333 1388; x_wconf 88' lang='lat' dir='ltr'>industria</span> <span class='ocrx_word' id='word_1_163' title='bbox 1355 1347 1397 1387; x_wconf 91' lang='lat' dir='ltr'>id</span> <span class='ocrx_word' id='word_1_164' title='bbox 1422 1347 1566 1387; x_wconf 88' lang='lat' dir='ltr'>facien-</span> 
     </span>
     <span class='ocr_line' id='line_1_23' title="bbox 225 1412 1564 1465; baseline 0 -13"><span class='ocrx_word' id='word_1_165' title='bbox 225 1415 321 1452; x_wconf 91' lang='lat' dir='ltr'>dum</span> <span class='ocrx_word' id='word_1_166' title='bbox 353 1413 427 1452; x_wconf 89' lang='lat' dir='ltr'>fuit</span> <span class='ocrx_word' id='word_1_167' title='bbox 457 1414 528 1453; x_wconf 91' lang='lat' dir='ltr'>sed</span> <span class='ocrx_word' id='word_1_168' title='bbox 562 1413 602 1452; x_wconf 93' lang='lat' dir='ltr'>in</span> <span class='ocrx_word' id='word_1_169' title='bbox 635 1413 816 1465; x_wconf 90' lang='lat' dir='ltr'>populari</span> <span class='ocrx_word' id='word_1_170' title='bbox 854 1413 1042 1462; x_wconf 87' lang='lat' dir='ltr'>oratione,</span> <span class='ocrx_word' id='word_1_171' title='bbox 1074 1427 1153 1464; x_wconf 89' lang='lat' dir='ltr'>qua</span> <span class='ocrx_word' id='word_1_172' title='bbox 1186 1427 1272 1453; x_wconf 93' lang='lat' dir='ltr'>mos</span> <span class='ocrx_word' id='word_1_173' title='bbox 1306 1421 1365 1453; x_wconf 90' lang='lat' dir='ltr'>est</span> <span class='ocrx_word' id='word_1_174' title='bbox 1393 1412 1564 1452; x_wconf 90' lang='lat' dir='ltr'>Athenis</span> 
     </span>
     <span class='ocr_line' id='line_1_24' title="bbox 225 1478 1624 1531; baseline -0.001 -14"><span class='ocrx_word' id='word_1_175' title='bbox 225 1478 376 1517; x_wconf 90' lang='lat' dir='ltr'>laudari</span> <span class='ocrx_word' id='word_1_176' title='bbox 397 1478 437 1517; x_wconf 91' lang='lat' dir='ltr'>in</span> <span class='ocrx_word' id='word_1_177' title='bbox 458 1478 646 1518; x_wconf 80' lang='lat' dir='ltr'>cOntione</span> <span class='ocrx_word' id='word_1_178' title='bbox 666 1493 735 1518; x_wconf 89' lang='lat' dir='ltr'>eos</span> <span class='ocrx_word' id='word_1_179' title='bbox 762 1479 830 1530; x_wconf 92' lang='lat' dir='ltr'>qui</span> <span class='ocrx_word' id='word_1_180' title='bbox 857 1479 934 1518; x_wconf 87' lang='lat' dir='ltr'>sint</span> <span class='ocrx_word' id='word_1_181' title='bbox 960 1479 1001 1518; x_wconf 90' lang='lat' dir='ltr'>in</span> <span class='ocrx_word' id='word_1_182' title='bbox 1027 1478 1185 1531; x_wconf 90' lang='lat' dir='ltr'>proeliis</span> <span class='ocrx_word' id='word_1_183' title='bbox 1211 1478 1406 1518; x_wconf 89' lang='lat' dir='ltr'>interfecti</span> <span class='ocrx_word' id='word_1_184' title='bbox 1419 1493 1431 1528; x_wconf 80' lang='lat'><em>3</em></span> <span class='ocrx_word' id='word_1_185' title='bbox 1461 1491 1564 1529; x_wconf 91' lang='lat' dir='ltr'>quae</span> <span class='ocrx_word' id='word_1_186' title='bbox 1583 1492 1624 1515; x_wconf 87' lang='lat'>20</span> 
     </span>
     <span class='ocr_line' id='line_1_25' title="bbox 223 1543 1566 1596; baseline 0 -12"><span class='ocrx_word' id='word_1_187' title='bbox 223 1544 282 1584; x_wconf 79' lang='lat' dir='ltr'>&#39;sic</span> <span class='ocrx_word' id='word_1_188' title='bbox 306 1546 473 1595; x_wconf 91' lang='lat' dir='ltr'>probata</span> <span class='ocrx_word' id='word_1_189' title='bbox 498 1553 567 1593; x_wconf 90' lang='lat' dir='ltr'>est,</span> <span class='ocrx_word' id='word_1_190' title='bbox 590 1553 633 1584; x_wconf 88' lang='lat' dir='ltr'>ut</span> <span class='ocrx_word' id='word_1_191' title='bbox 662 1559 750 1584; x_wconf 91' lang='lat' dir='ltr'>eam</span> <span class='ocrx_word' id='word_1_192' title='bbox 780 1545 1007 1596; x_wconf 85' lang='lat' dir='ltr'>quotannis,</span> <span class='ocrx_word' id='word_1_193' title='bbox 1033 1553 1077 1584; x_wconf 93' lang='lat' dir='ltr'>ut</span> <span class='ocrx_word' id='word_1_194' title='bbox 1105 1545 1195 1594; x_wconf 84' lang='lat' dir='ltr'>scis,</span> <span class='ocrx_word' id='word_1_195' title='bbox 1220 1545 1289 1584; x_wconf 90' lang='lat' dir='ltr'>illo</span> <span class='ocrx_word' id='word_1_196' title='bbox 1318 1545 1383 1584; x_wconf 91' lang='lat' dir='ltr'>die</span> <span class='ocrx_word' id='word_1_197' title='bbox 1411 1543 1566 1584; x_wconf 82' lang='lat' dir='ltr'>recitari</span> 
     </span>
     <span class='ocr_line' id='line_1_26' title="bbox 225 1610 1564 1662; baseline 0.001 -14"><span class='ocrx_word' id='word_1_198' title='bbox 225 1623 388 1650; x_wconf 90' lang='lat' dir='ltr'>necesse</span> <span class='ocrx_word' id='word_1_199' title='bbox 409 1610 468 1649; x_wconf 89' lang='lat' dir='ltr'>sit.</span> <span class='ocrx_word' id='word_1_200' title='bbox 528 1612 577 1649; x_wconf 90' lang='lat' dir='ltr'>In</span> <span class='ocrx_word' id='word_1_201' title='bbox 598 1624 645 1650; x_wconf 89' lang='lat' dir='ltr'>ea</span> <span class='ocrx_word' id='word_1_202' title='bbox 664 1619 722 1650; x_wconf 89' lang='lat' dir='ltr'>est</span> <span class='ocrx_word' id='word_1_203' title='bbox 742 1612 878 1650; x_wconf 90' lang='lat' dir='ltr'>crebra</span> <span class='ocrx_word' id='word_1_204' title='bbox 897 1611 971 1650; x_wconf 88' lang='lat' dir='ltr'>ista</span> <span class='ocrx_word' id='word_1_205' title='bbox 990 1611 1187 1650; x_wconf 87' lang='lat' dir='ltr'>vocalium</span> <span class='ocrx_word' id='word_1_206' title='bbox 1207 1610 1430 1660; x_wconf 89' lang='lat' dir='ltr'>concursio,</span> <span class='ocrx_word' id='word_1_207' title='bbox 1445 1623 1564 1662; x_wconf 89' lang='lat' dir='ltr'>quam</span> 
     </span>
     <span class='ocr_line' id='line_1_27' title="bbox 226 1675 1275 1727; baseline 0.002 -14"><span class='ocrx_word' id='word_1_208' title='bbox 226 1688 370 1725; x_wconf 85' lang='lat' dir='ltr'>magna</span> <span class='ocrx_word' id='word_1_209' title='bbox 390 1689 437 1714; x_wconf 89' lang='lat' dir='ltr'>ex</span> <span class='ocrx_word' id='word_1_210' title='bbox 456 1682 566 1726; x_wconf 89' lang='lat' dir='ltr'>parte</span> <span class='ocrx_word' id='word_1_211' title='bbox 585 1683 629 1714; x_wconf 89' lang='lat' dir='ltr'>ut</span> <span class='ocrx_word' id='word_1_212' title='bbox 647 1675 830 1715; x_wconf 87' lang='lat' dir='ltr'>vitiosam</span> <span class='ocrx_word' id='word_1_213' title='bbox 850 1675 949 1727; x_wconf 86' lang='lat' dir='ltr'>fugit</span> <span class='ocrx_word' id='word_1_214' title='bbox 970 1678 1275 1716; x_wconf 88' lang='lat' dir='ltr'>Demosthenes.</span> 
     </span>
    </p>
   </div>
   <div class='ocr_carea' id='block_1_8' title="bbox 1609 0 1696 2323">
    <p class='ocr_par' dir='ltr' id='par_1_8' title="bbox 1609 0 1696 2323">
     <span class='ocr_line' id='line_1_28' title="bbox 1609 0 1696 2323; baseline 0 0"><span class='ocrx_word' id='word_1_215' title='bbox 1609 0 1696 2323; x_wconf 95' lang='lat' dir='ltr'>   </span> 
     </span>
    </p>
   </div>
   <div class='ocr_carea' id='block_1_9' title="bbox 226 1806 1696 1990">
    <p class='ocr_par' dir='ltr' id='par_1_9' title="bbox 226 1806 1696 1990">
     <span class='ocr_line' id='line_1_29' title="bbox 226 1806 1696 1858; baseline 0.001 -14"><span class='ocrx_word' id='word_1_216' title='bbox 226 1807 380 1845; x_wconf 89' lang='lat' dir='ltr'>trahere</span> <span class='ocrx_word' id='word_1_217' title='bbox 410 1819 528 1845; x_wconf 84' lang='lat' dir='ltr'>voces</span> <span class='ocrx_word' id='word_1_218' title='bbox 562 1806 805 1846; x_wconf 89' lang='lat' dir='ltr'>conceditur.</span> <span class='ocrx_word' id='word_1_219' title='bbox 879 1807 1066 1846; x_wconf 87' lang='lat' dir='ltr'>Indicant</span> <span class='ocrx_word' id='word_1_220' title='bbox 1099 1807 1297 1846; x_wconf 89' lang='lat' dir='ltr'>orationes</span> <span class='ocrx_word' id='word_1_221' title='bbox 1335 1806 1424 1846; x_wconf 89' lang='lat' dir='ltr'>illae</span> <span class='ocrx_word' id='word_1_222' title='bbox 1456 1806 1565 1858; x_wconf 88' lang='lat' dir='ltr'>ipsae</span> <span class='ocrx_word' id='word_1_223' title='bbox 1585 1822 1626 1855; x_wconf 83' lang='lat'>25</span> <span class='ocrx_word' id='word_1_224' title='bbox 1660 1843 1663 1847; x_wconf 76' lang='grc'><strong><em>,</em></strong></span> <span class='ocrx_word' id='word_1_225' title='bbox 1694 1828 1696 1832; x_wconf 85' lang='grc'><em>·</em></span> 
     </span>
     <span class='ocr_line' id='line_1_30' title="bbox 228 1871 1566 1924; baseline 0.001 -14"><span class='ocrx_word' id='word_1_226' title='bbox 228 1871 454 1911; x_wconf 85' lang='lat' dir='ltr'>horridulae</span> <span class='ocrx_word' id='word_1_227' title='bbox 474 1871 650 1919; x_wconf 88' lang='lat' dir='ltr'>Catonis,</span> <span class='ocrx_word' id='word_1_228' title='bbox 673 1871 852 1911; x_wconf 90' lang='lat' dir='ltr'>indicant</span> <span class='ocrx_word' id='word_1_229' title='bbox 877 1886 1017 1912; x_wconf 88' lang='lat' dir='ltr'>omnes</span> <span class='ocrx_word' id='word_1_230' title='bbox 1045 1881 1188 1923; x_wconf 88' lang='lat' dir='ltr'>poetae</span> <span class='ocrx_word' id='word_1_231' title='bbox 1213 1880 1367 1924; x_wconf 87' lang='lat' dir='ltr'>praeter</span> <span class='ocrx_word' id='word_1_232' title='bbox 1391 1886 1460 1912; x_wconf 91' lang='lat' dir='ltr'>eos</span> <span class='ocrx_word' id='word_1_233' title='bbox 1484 1871 1566 1924; x_wconf 69' lang='lat' dir='ltr'>qui,</span> 
     </span>
     <span class='ocr_line' id='line_1_31' title="bbox 228 1938 1272 1990; baseline 0.001 -14"><span class='ocrx_word' id='word_1_234' title='bbox 228 1945 271 1976; x_wconf 90' lang='lat' dir='ltr'>ut</span> <span class='ocrx_word' id='word_1_235' title='bbox 291 1951 446 1976; x_wconf 88' lang='lat' dir='ltr'>versum</span> <span class='ocrx_word' id='word_1_236' title='bbox 467 1939 651 1986; x_wconf 87' lang='lat' dir='ltr'>facerent,</span> <span class='ocrx_word' id='word_1_237' title='bbox 674 1951 793 1990; x_wconf 85' lang='lat' dir='ltr'>saepe</span> <span class='ocrx_word' id='word_1_238' title='bbox 812 1938 987 1987; x_wconf 88' lang='lat' dir='ltr'>hiabant,</span> <span class='ocrx_word' id='word_1_239' title='bbox 1009 1946 1053 1978; x_wconf 91' lang='lat' dir='ltr'>ut</span> <span class='ocrx_word' id='word_1_240' title='bbox 1073 1938 1272 1978; x_wconf 88' lang='lat' dir='ltr'>Naevius:</span> 
     </span>
    </p>
   </div>
   <div class='ocr_carea' id='block_1_10' title="bbox 229 2003 1483 2108">
    <p class='ocr_par' dir='ltr' id='par_1_10' title="bbox 229 2003 1483 2108">
     <span class='ocr_line' id='line_1_32' title="bbox 338 2003 1483 2055; baseline 0 -13"><span class='ocrx_word' id='word_1_241' title='bbox 338 2017 420 2051; x_wconf 88' lang='lat' dir='ltr'>vos,</span> <span class='ocrx_word' id='word_1_242' title='bbox 452 2003 519 2054; x_wconf 90' lang='lat' dir='ltr'>qui</span> <span class='ocrx_word' id='word_1_243' title='bbox 549 2004 726 2043; x_wconf 89' lang='lat' dir='ltr'>accolitis</span> <span class='ocrx_word' id='word_1_244' title='bbox 757 2004 940 2044; x_wconf 90' lang='lat' dir='ltr'>Histrum</span> <span class='ocrx_word' id='word_1_245' title='bbox 970 2004 1134 2044; x_wconf 90' lang='lat' dir='ltr'>fluvium</span> <span class='ocrx_word' id='word_1_246' title='bbox 1163 2011 1283 2055; x_wconf 91' lang='lat' dir='ltr'>atque</span> <span class='ocrx_word' id='word_1_247' title='bbox 1311 2003 1483 2055; x_wconf 86' lang='lat' dir='ltr'>algidam</span> 
     </span>
     <span class='ocr_line' id='line_1_33' title="bbox 229 2068 464 2108; baseline -0.009 0"><span class='ocrx_word' id='word_1_248' title='bbox 229 2077 268 2108; x_wconf 91' lang='lat' dir='ltr'>et</span> <span class='ocrx_word' id='word_1_249' title='bbox 287 2068 438 2108; x_wconf 87' lang='lat' dir='ltr'>ibidem</span> <span class='ocrx_word' id='word_1_250' title='bbox 457 2084 464 2107; x_wconf 75' lang='grc' dir='ltr'>ε</span> 
     </span>
    </p>
   </div>
   <div class='ocr_carea' id='block_1_11' title="bbox 230 2134 1695 2410">
    <p class='ocr_par' dir='ltr' id='par_1_11' title="bbox 230 2134 1695 2424">
     <span class='ocr_line' id='line_1_34' title="bbox 338 2134 1673 2187; baseline 0.001 -14"><span class='ocrx_word' id='word_1_251' title='bbox 338 2148 458 2185; x_wconf 88' lang='lat' dir='ltr'>quam</span> <span class='ocrx_word' id='word_1_252' title='bbox 488 2148 708 2186; x_wconf 88' lang='lat' dir='ltr'>numquam</span> <span class='ocrx_word' id='word_1_253' title='bbox 738 2135 853 2175; x_wconf 89' lang='lat' dir='ltr'>vobis</span> <span class='ocrx_word' id='word_1_254' title='bbox 880 2135 974 2176; x_wconf 87' lang='lat' dir='ltr'>Grai</span> <span class='ocrx_word' id='word_1_255' title='bbox 1002 2143 1123 2187; x_wconf 89' lang='lat' dir='ltr'>atque</span> <span class='ocrx_word' id='word_1_256' title='bbox 1152 2134 1317 2175; x_wconf 87' lang='lat' dir='ltr'>barbari.</span> <span class='ocrx_word' id='word_1_257' title='bbox 1585 2150 1629 2185; x_wconf 80' lang='grc'>39</span> <span class='ocrx_word' id='word_1_258' title='bbox 1668 2156 1673 2169; x_wconf 83' lang='lat'><strong><em>:</em></strong></span> 
     </span>
     <span class='ocr_line' id='line_1_35' title="bbox 274 2237 1567 2281; baseline 0.002 -13"><span class='ocrx_word' id='word_1_259' title='bbox 274 2248 294 2277; x_wconf 88' lang='lat'><strong>3</strong></span> <span class='ocrx_word' id='word_1_260' title='bbox 318 2238 406 2269; x_wconf 83' lang='lat' dir='ltr'>lexis</span> <span class='ocrx_word' id='word_1_261' title='bbox 429 2238 496 2268; x_wconf 89' lang='lat' dir='ltr'>AL</span> <span class='ocrx_word' id='word_1_262' title='bbox 515 2250 522 2270; x_wconf 90' lang='lat'><strong>:</strong></span> <span class='ocrx_word' id='word_1_263' title='bbox 556 2237 658 2278; x_wconf 77' lang='grc' dir='ltr'>λέξεις</span> <span class='ocrx_word' id='word_1_264' title='bbox 680 2238 749 2271; x_wconf 84' lang='lat' dir='ltr'>edd.</span> <span class='ocrx_word' id='word_1_265' title='bbox 870 2243 1066 2279; x_wconf 87' lang='lat' dir='ltr'>compostae</span> <span class='ocrx_word' id='word_1_266' title='bbox 1090 2239 1203 2280; x_wconf 69' lang='lat' dir='ltr'>vulg:</span> <span class='ocrx_word' id='word_1_267' title='bbox 1237 2237 1479 2281; x_wconf 83' lang='lat' dir='ltr'>composit(a)e</span> <span class='ocrx_word' id='word_1_268' title='bbox 1499 2238 1567 2270; x_wconf 87' lang='lat' dir='ltr'>AL</span> 
     </span>
     <span class='ocr_line' id='line_1_36' title="bbox 230 2282 1693 2327; baseline 0.001 -16"><span class='ocrx_word' id='word_1_269' title='bbox 230 2283 252 2311; x_wconf 88' lang='grc'>6</span> <span class='ocrx_word' id='word_1_270' title='bbox 277 2282 453 2313; x_wconf 79' lang='lat' dir='ltr'>formulam</span> <span class='ocrx_word' id='word_1_271' title='bbox 473 2283 529 2315; x_wconf 88' lang='lat' dir='ltr'>A:</span> <span class='ocrx_word' id='word_1_272' title='bbox 554 2283 641 2313; x_wconf 88' lang='lat' dir='ltr'>hanc</span> <span class='ocrx_word' id='word_1_273' title='bbox 664 2283 752 2314; x_wconf 92' lang='lat' dir='ltr'>viam</span> <span class='ocrx_word' id='word_1_274' title='bbox 771 2283 822 2315; x_wconf 90' lang='lat' dir='ltr'>L:</span> <span class='ocrx_word' id='word_1_275' title='bbox 857 2283 999 2314; x_wconf 84' lang='lat' dir='ltr'>sormam</span> <span class='ocrx_word' id='word_1_276' title='bbox 1024 2293 1063 2314; x_wconf 87' lang='lat' dir='ltr'>ac</span> <span class='ocrx_word' id='word_1_277' title='bbox 1085 2283 1174 2315; x_wconf 89' lang='lat' dir='ltr'>viam</span> <span class='ocrx_word' id='word_1_278' title='bbox 1191 2282 1279 2314; x_wconf 83' lang='lat' dir='ltr'>Reid</span> <span class='ocrx_word' id='word_1_279' title='bbox 1454 2292 1495 2314; x_wconf 89' lang='lat'>10</span> <span class='ocrx_word' id='word_1_280' title='bbox 1517 2282 1566 2313; x_wconf 88' lang='lat' dir='ltr'>in·</span> <span class='ocrx_word' id='word_1_281' title='bbox 1674 2318 1693 2327; x_wconf 35' lang='grc' dir='ltr'><em>ν</em></span> 
     </span>
     <span class='ocr_line' id='line_1_37' title="bbox 232 2325 1695 2368; baseline 0.001 -12"><span class='ocrx_word' id='word_1_282' title='bbox 232 2326 377 2356; x_wconf 85' lang='lat' dir='ltr'>conditis</span> <span class='ocrx_word' id='word_1_283' title='bbox 394 2325 423 2355; x_wconf 96' lang='lat' dir='ltr'><em>L</em></span> <span class='ocrx_word' id='word_1_284' title='bbox 596 2337 634 2366; x_wconf 86' lang='lat'>¹3</span> <span class='ocrx_word' id='word_1_285' title='bbox 658 2327 714 2366; x_wconf 85' lang='lat' dir='ltr'>qui</span> <span class='ocrx_word' id='word_1_286' title='bbox 731 2327 822 2368; x_wconf 87' lang='lat' dir='ltr'><em>vulg.</em></span> <span class='ocrx_word' id='word_1_287' title='bbox 840 2327 860 2358; x_wconf 63' lang='lat'>:‘</span> <span class='ocrx_word' id='word_1_288' title='bbox 878 2327 959 2367; x_wconf 91' lang='lat' dir='ltr'>quin</span> <span class='ocrx_word' id='word_1_289' title='bbox 976 2326 1043 2357; x_wconf 86' lang='lat' dir='ltr'>AL</span> <span class='ocrx_word' id='word_1_290' title='bbox 1175 2337 1219 2358; x_wconf 87' lang='lat'>20</span> <span class='ocrx_word' id='word_1_291' title='bbox 1241 2337 1329 2367; x_wconf 88' lang='lat' dir='ltr'>quae</span> <span class='ocrx_word' id='word_1_292' title='bbox 1355 2349 1364 2359; x_wconf 90' lang='lat'><strong>.</strong></span> <span class='ocrx_word' id='word_1_293' title='bbox 1381 2349 1388 2357; x_wconf 94' lang='lat'><em>.</em></span> <span class='ocrx_word' id='word_1_294' title='bbox 1406 2349 1415 2358; x_wconf 92' lang='lat'><strong>.</strong></span> <span class='ocrx_word' id='word_1_295' title='bbox 1440 2326 1485 2358; x_wconf 85' lang='lat' dir='ltr'>sit</span> <span class='ocrx_word' id='word_1_296' title='bbox 1501 2325 1568 2357; x_wconf 66' lang='lat' dir='ltr'>iton</span> <span class='ocrx_word' id='word_1_297' title='bbox 1671 2325 1695 2364; x_wconf 62' lang='grc' dir='ltr'>ζξξ</span> 
     </span>
     <span class='ocr_line' id='line_1_38' title="bbox 233 2369 1567 2410; baseline 0.003 -12"><span class='ocrx_word' id='word_1_298' title='bbox 233 2370 320 2399; x_wconf 78' lang='lat' dir='ltr'>male</span> <span class='ocrx_word' id='word_1_299' title='bbox 333 2369 402 2399; x_wconf 75' lang='lat' dir='ltr'>secl.</span> <span class='ocrx_word' id='word_1_300' title='bbox 421 2369 512 2400; x_wconf 82' lang='lat' dir='ltr'>Bake</span> <span class='ocrx_word' id='word_1_301' title='bbox 624 2380 666 2400; x_wconf 84' lang='lat'>22</span> <span class='ocrx_word' id='word_1_302' title='bbox 689 2371 852 2402; x_wconf 87' lang='lat' dir='ltr'>vocalium</span> <span class='ocrx_word' id='word_1_303' title='bbox 871 2370 1072 2403; x_wconf 81' lang='lat' dir='ltr'>Manutius:</span> <span class='ocrx_word' id='word_1_304' title='bbox 1095 2371 1215 2402; x_wconf 83' lang='lat' dir='ltr'>vocum</span> <span class='ocrx_word' id='word_1_305' title='bbox 1231 2371 1299 2402; x_wconf 89' lang='lat' dir='ltr'>AL</span> <span class='ocrx_word' id='word_1_306' title='bbox 1402 2380 1446 2410; x_wconf 79' lang='lat'>24</span> <span class='ocrx_word' id='word_1_307' title='bbox 1479 2380 1522 2402; x_wconf 87' lang='lat' dir='ltr'>ne</span> <span class='ocrx_word' id='word_1_308' title='bbox 1537 2370 1567 2402; x_wconf 84' lang='lat' dir='ltr'>si</span> 
     </span>
    </p>
   </div>
   <div class='ocr_carea' id='block_1_12' title="bbox 232 2411 421 2443">
    <p class='ocr_par' dir='ltr' id='par_1_12' title="bbox 232 2411 421 2443">
     <span class='ocr_line' id='line_1_39' title="bbox 232 2411 421 2443; baseline 0.005 -1"><span class='ocrx_word' id='word_1_309' title='bbox 232 2411 284 2443; x_wconf 87' lang='lat' dir='ltr'>L:</span> <span class='ocrx_word' id='word_1_310' title='bbox 307 2412 372 2443; x_wconf 83' lang='lat' dir='ltr'>nisi</span> <span class='ocrx_word' id='word_1_311' title='bbox 388 2413 421 2443; x_wconf 88' lang='lat' dir='ltr'><em>A</em></span> 
     </span>
    </p>
   </div>
   <div class='ocr_carea' id='block_1_13' title="bbox 1652 2358 1696 2730">
    <p class='ocr_par' dir='ltr' id='par_1_13' title="bbox 1652 2358 1696 2730">
     <span class='ocr_line' id='line_1_40' title="bbox 1652 2358 1696 2730; baseline 0 0"><span class='ocrx_word' id='word_1_312' title='bbox 1652 2358 1696 2730; x_wconf 95' lang='lat' dir='ltr'> </span> 
     </span>
    </p>
   </div>
  </div>
 </body>
</html>
