1630 2730
388 588 461 642 M.
513 588 743 640 TVLLI
796 588 1221 642 CICERONIS

624 738 994 796 BRVTVS

192 917 288 956 CVM
319 930 340 955 e
371 915 509 955 Cilicia
537 917 737 955 decedens
768 917 960 955 Rhodum
989 915 1186 955 venissem
1220 923 1258 955 et
1287 929 1336 954 eo
1370 915 1468 954 mihi
1490 910 1508 938 1

138 981 198 1019 de'
224 983 273 1030 Q.
308 981 500 1020 Hortensi
538 989 665 1020 morte
703 989 806 1020 esset
843 983 1031 1029 adlatum,
1065 981 1254 1032 opinione
1287 981 1468 1020 omnium
1490 969 1504 990 I

137 1046 326 1085 maiorem
345 1046 480 1084 animo
500 1046 587 1096 cepi
608 1047 797 1085 dolorem.
858 1048 962 1085 Nam
983 1054 1022 1085 et
1048 1046 1178 1085 amico
1203 1046 1349 1085 amisso
1375 1060 1467 1085 cum

136 1111 426 1150 consuetudine
463 1110 637 1150 iucunda
675 1119 759 1149 tum
798 1113 1012 1150 multorum
1052 1110 1271 1150 officiorum
1305 1111 1468 1150 coniun-

99 1188 118 1221 5
136 1175 268 1215 ctione
294 1189 359 1214 me
384 1175 579 1227 privatum
599 1175 784 1215 videbam
805 1184 844 1215 et
859 1176 1018 1215 interitu
1045 1176 1131 1215 talis
1160 1175 1317 1226 auguris
1344 1175 1468 1226 digni-

136 1248 257 1280 tatern
286 1241 409 1279 nostri
437 1240 592 1291 conlegi
625 1241 872 1280 deminutam
902 1242 1089 1280 dolebam
1105 1255 1114 1289 3
1153 1254 1231 1291 qua
1257 1240 1298 1279 in
1324 1240 1468 1291 cogita-

135 1306 244 1346 tione
269 1315 308 1346 et
334 1314 564 1358 cooptatum
593 1321 656 1346 me
681 1307 732 1346 ab
760 1321 808 1346 eo
834 1307 876 1345 in
902 1306 1128 1358 conlegium
1157 1307 1403 1354 recordabar,
1425 1306 1466 1344 in

136 1385 217 1422 quo
236 1371 384 1410 iuratus
403 1371 595 1411 iudicium
616 1371 816 1422 dignitatis
833 1385 945 1411 meae
960 1373 1116 1419 fecerat,
1131 1378 1170 1410 et
1190 1370 1465 1422 inauguratum

133 1437 186 1476 ab
206 1438 360 1484 eodem,
383 1451 430 1476 ex
453 1450 534 1488 quo
559 1451 752 1488 augurum
779 1437 967 1476 institutis
993 1437 1034 1475 in
1060 1436 1233 1488 parentis
1257 1450 1349 1475 eum
1375 1438 1465 1475 loco

76 1513 116 1537 10
135 1503 264 1541 colere
292 1502 502 1541 debebam.
559 1502 744 1553 Augebat
774 1502 893 1542 etiarn
925 1501 1147 1541 molestiam
1182 1503 1291 1552 quod
1321 1515 1465 1552 magna
1488 1514 1501 1536 2

70 1606 81 1615 ,
133 1567 371 1618 sapientium
400 1567 545 1606 civium
577 1568 855 1618 bonorumque
887 1567 1053 1618 penuria
1080 1566 1138 1605 vir
1166 1566 1342 1618 egregius
1371 1580 1464 1605 con-

133 1631 481 1683 iunctissimusque
528 1647 686 1672 mecum
739 1632 994 1672 consiliorum
1041 1631 1221 1671 omnium
1274 1631 1463 1671 societate

132 1697 373 1737 alienissimo
401 1698 456 1737 rei
484 1697 667 1749 publicae
699 1705 878 1748 tempore
910 1697 1124 1736 exstinctus
1154 1704 1193 1736 et
1220 1696 1463 1736 auctoritatis

132 1770 171 1802 et
193 1763 426 1814 prudentiae
452 1777 546 1802 suae
572 1763 680 1802 triste
703 1763 820 1802 nobis
846 1763 1087 1802 desiderium
1114 1762 1333 1812 reliquerat,
1357 1763 1463 1801 dole-

74 1839 112 1872 15
134 1827 304 1878 bamque
334 1829 443 1878 quod
472 1842 565 1875 non,
590 1836 634 1867 ut
662 1828 840 1879 plerique
868 1828 1072 1878 putabant,
1097 1826 1365 1866 adversarium
1393 1834 1462 1865 aut

131 1893 435 1932 obtrectatorem
465 1894 628 1932 laudum
658 1907 834 1932 mearum
863 1894 934 1932 sed
963 1892 1115 1931 socium
1144 1891 1275 1942 potius
1303 1899 1342 1930 et
1370 1905 1462 1930 con-

131 1965 276 1997 sortem
304 1958 463 2009 gloriosi
492 1958 637 1997 laboris
665 1957 884 1997 amiseram.
945 1957 1105 1996 Etenim
1135 1957 1167 1996 si
1198 1956 1239 1995 in
1267 1956 1458 1996 leviorum
1477 1973 1497 2004 3

129 2023 270 2062 artium
291 2023 424 2062 studio
444 2023 658 2062 memoriae
683 2023 884 2074 proditum
910 2030 969 2062 est
994 2030 1132 2074 poetas
1157 2021 1302 2060 nobilis
1328 2030 1461 2073 poeta-

130 2102 216 2127 rum
253 2089 478 2139 aequalium
517 2096 643 2128 morte
676 2088 862 2135 doluisse,
895 2102 976 2139 quo
1009 2089 1172 2127 tandem
1206 2087 1341 2126 animo
1374 2087 1459 2126 eius

71 2167 112 2192 πο
129 2153 329 2192 interitum
349 2155 447 2192 ferre
467 2153 600 2201 debui,
622 2167 714 2192 cum
735 2167 816 2204 quo
836 2161 983 2193 certare
1003 2160 1084 2192 erat
1109 2151 1316 2203 gloriosius
1336 2165 1457 2202 quam

128 2217 294 2257 omnino
330 2218 596 2258 adversarium
635 2231 718 2257 non
755 2218 933 2257 habere?
978 2231 1070 2257 cum
1109 2215 1337 2268 praesertim
1374 2230 1457 2256 non

129 2283 251 2322 modo
279 2297 498 2335 numquam
527 2283 576 2322 sit
604 2291 673 2323 aut
701 2283 804 2323 illius
832 2297 854 2322 a
885 2297 949 2322 me
977 2296 1113 2322 cursus
1146 2281 1360 2333 impeditus
1389 2290 1457 2322 aut

173 2396 213 2418 10
235 2385 380 2426 augebat
394 2387 484 2428 vulg.
499 2398 507 2418 :
533 2386 696 2427 augebam
712 2386 742 2417 L
850 2396 888 2426 19
911 2391 1019 2418 morte
1035 2386 1063 2417 L
1081 2398 1087 2418 :
1111 2389 1251 2417 mortem
1267 2383 1458 2416 Lambinus

126 2439 195 2470 quo
211 2428 242 2460 L
255 2441 263 2462 ε
285 2440 352 2470 quo
368 2441 435 2471 ego
448 2430 575 2472 Stangl

170 2491 235 2513 cxc.
253 2491 354 2514 Βκντ.
1349 2479 1368 2512 1
