1630 2730
695 124 929 179 BRVTVS
1416 138 1472 186 56
1492 153 1554 186 205

141 267 184 294 se
202 253 288 304 lege
307 252 426 292 Varia
445 266 547 304 quae
567 251 801 299 inscribitur,
823 264 911 290 eam
932 252 976 290 L.
999 249 1136 289 Aelius
1157 248 1310 300 scripsit
1330 250 1472 289 Cottae

141 326 290 370 rogatu.
349 317 440 358 Fuit
458 318 491 357 is
511 317 676 357 omnino
688 317 745 356 vir
760 316 936 368 egregius
956 323 995 355 et
1014 328 1136 366 eques
1154 317 1360 354 Romanus
1380 328 1472 353 cum

141 383 276 435 primis
302 385 493 423 honestus
519 382 707 433 idemque
732 381 1019 421 eruditissimus
1039 388 1078 419 et
1098 380 1259 419 Graecis
1278 379 1415 418 litteris
1435 387 1474 419 et

144 448 307 497 Latinis,
347 447 671 499 antiquitatisque
708 454 866 486 nostrae
911 454 951 486 et
987 445 1029 485 in
1073 445 1243 485 inventis
1280 445 1397 483 rebus
1436 451 1474 483 et

105 533 123 565 5
141 513 183 554 in
219 513 317 553 actis
354 513 669 564 scriptorumque
705 520 882 552 veterum
920 511 1087 551 litterate
1124 510 1282 562 peritus.
1341 510 1474 559 Quam

143 578 347 618 scientiam
382 581 506 617 Varro
543 585 678 617 noster
709 585 914 628 acceptam
951 577 1002 616 ab
1033 576 1101 615 illo
1131 583 1370 626 auctamque
1406 588 1476 625 per

143 658 240 692 sese,
271 644 329 682 vir
361 643 520 694 ingenio
553 650 755 694 praestans
786 642 976 693 omnique
1006 641 1197 688 doctrina,
1228 640 1406 692 pluribus
1436 646 1476 679 et

143 708 432 748 inlustrioribus
464 707 601 747 litteris
630 707 847 758 explicavit.
907 708 987 746 Sed
1015 707 1122 746 idem
1153 705 1289 745 Aelius
1319 704 1474 744 Stoicus
1496 710 1559 742 206

144 787 231 813 esse
260 773 394 822 voluit,
427 780 558 812 orator
589 780 723 812 autem
756 786 831 811 nec
864 772 1016 811 studuit
1052 785 1243 822 umquam
1278 783 1353 809 nec
1390 769 1472 808 fuit.

87 860 128 883 10
145 839 349 878 Scribebat
370 845 504 877 tamen
524 837 732 885 orationes,
747 851 845 888 quas
864 837 929 876 alii
949 837 1125 876 dicerent
1138 851 1149 886 3
1178 843 1222 875 ut
1242 837 1290 886 Q.
1311 836 1476 874 Metello

145 906 226 951 †F.‚
258 911 302 942 ut
332 905 380 952 Q.
413 902 617 954 Caepioni,
649 910 692 942 ut
722 904 771 952 Q.
798 902 992 953 Pompeio
1023 903 1141 950 Rufo,
1173 914 1416 952 quamquam
1445 899 1476 938 is

144 969 263 1008 etiam
283 969 367 1019 ipse
388 968 540 1018 scripsit
560 981 636 1015 eas,
659 968 803 1018 quibus
823 981 894 1019 pro
915 982 956 1006 se
976 975 1035 1007 est
1061 981 1166 1014 usus,
1189 968 1260 1006 sed
1283 980 1365 1005 non
1392 965 1476 1004 sine

145 1034 271 1074 Aelio.
331 1034 409 1072 His
439 1033 546 1073 enim
580 1033 733 1084 scriptis
764 1034 882 1072 etiam
913 1033 998 1085 ipse
1027 1033 1195 1080 interfui,
1227 1046 1319 1072 curn
1348 1045 1476 1071 essem
1498 1043 1560 1078 207

143 1101 251 1151 apud
264 1099 424 1138 Aelium
439 1100 674 1138 adulescens
690 1112 862 1149 eumque
877 1099 1014 1138 audire
1028 1098 1276 1150 perstudiose
1296 1099 1475 1136 solerem.

89 1184 127 1217 15
145 1166 306 1206 Cottam
332 1172 467 1203 autem
492 1164 612 1202 miror
637 1177 838 1202 summum
862 1164 992 1215 ipsum
1016 1172 1211 1203 oratorem
1235 1162 1478 1213 minimeque

146 1231 324 1281 ineptum
345 1229 531 1269 Aelianas
551 1229 646 1268 levis
666 1229 930 1268 oratiunculas
950 1229 1121 1268 voluisse
1141 1227 1351 1268 existimari
1374 1240 1474 1266 suas.

147 1295 225 1334 His
253 1295 412 1334 duobus
441 1294 620 1334 eiusdem
649 1294 787 1333 aetatis
817 1295 1152 1334 adnumerabatur
1179 1306 1300 1332 nemo
1328 1292 1475 1341 tertius,
1496 1298 1546 1338 57

133 1362 217 1400 ·sed
245 1359 343 1399 mihi
371 1360 553 1410 placebat
581 1359 827 1410 Pomponius
857 1360 1038 1408 maxime,
1059 1361 1121 1398 vel
1149 1358 1295 1407 dicam,
1315 1357 1479 1397 minime

147 1425 393 1476 displicebat.
452 1426 583 1463 Locus
612 1433 694 1463 erat
713 1425 879 1464 omnino
902 1425 942 1463 in
970 1424 1150 1463 maximis
1173 1423 1300 1463 causis
1327 1430 1479 1474 praeter

27 1513 35 1546 j
89 1510 131 1534 πο
148 1505 216 1531 eos
236 1493 287 1530 de
306 1490 451 1541 quibus
480 1503 598 1541 supra
620 1490 700 1529 dixi
726 1490 886 1538 nemini,
908 1498 1116 1542 propterea
1135 1490 1245 1541 quod
1265 1488 1475 1535 Antonius,

148 1556 217 1607 qui
245 1556 415 1595 maxime
444 1556 710 1606 expetebatur,
732 1555 855 1595 facilis
882 1556 922 1594 in
949 1556 1077 1595 causis
1106 1554 1342 1606 recipiendis
1372 1561 1454 1593 erat
1468 1569 1478 1602 3

146 1621 385 1661 fastidiosior
422 1621 601 1670 Crassus,
638 1622 708 1660 sed
746 1628 880 1660 tamen
917 1620 1141 1672 recipiebat.
1213 1622 1371 1659 Horum
1410 1618 1478 1670 qui

147 1694 331 1726 neutrum
365 1685 549 1733 habebat,
583 1686 836 1737 confugiebat
869 1687 921 1725 ad
954 1685 1183 1736 Philippum
1216 1686 1296 1724 fere
1329 1691 1397 1723 aut
1426 1685 1478 1723 ad

150 1753 359 1793 Caesarem
373 1765 384 1799 3
413 1751 582 1792 †Cotta†
603 1751 799 1802 Sulpicius
820 1752 1115 1802 expetebantur.
1175 1752 1237 1789 Ita
1255 1750 1306 1788 ab
1331 1749 1391 1788 his
1412 1762 1479 1788 sex

91 1835 106 1858 2
112 1837 129 1869 5
148 1815 323 1867 patronis
343 1828 484 1854 causae
499 1814 681 1854 inlustres
699 1816 940 1866 agebantur3
967 1829 1099 1866 neque
1114 1822 1194 1853 tam
1215 1816 1339 1853 multa
1357 1827 1478 1865 quam

148 1889 282 1920 nostra
309 1889 437 1920 aetate
465 1880 611 1920 iudicia
639 1881 798 1928 fiebant,
821 1894 951 1931 neque
979 1881 1056 1920 hoc
1085 1881 1195 1931 quod
1223 1893 1331 1918 nunc
1360 1880 1413 1927 fit,
1436 1886 1479 1918 ut

147 1960 289 1986 causae
309 1946 485 1997 singulae
505 1947 811 1985 defenderentur
829 1959 852 1984 a
871 1946 1058 1997 pluribus,
1074 1959 1155 1996 quo
1174 1945 1272 1984 nihil
1291 1952 1351 1984 est
1369 1944 1479 1996 vitio-

148 2012 238 2051 sius.
275 2013 582 2062 Respondemus
603 2011 658 2050 eis
674 2025 774 2062 quos
794 2024 876 2050 non
890 2011 1113 2050 audivimus
1130 2026 1137 2050 :
1157 2011 1198 2050 in
1211 2024 1291 2062 quo
1306 2010 1478 2061 primum
1500 2013 1563 2044 208

149 2090 266 2129 saepe
284 2077 396 2116 aliter
414 2084 473 2116 est
493 2076 643 2116 dictum
663 2076 774 2115 aliter
792 2077 844 2116 ad
864 2090 937 2115 nos
961 2078 1125 2115 relatum
1140 2091 1151 2125 3
1179 2076 1326 2116 deinde
1347 2075 1479 2127 magni

192 2182 213 2212 8
237 2181 373 2212 Stoicus
404 2190 481 2212 esse
518 2180 624 2212 voluit
654 2180 769 2221 vulg.:
804 2179 941 2211 Stoicus
970 2179 1076 2211 voluit
1101 2178 1155 2211 L:
1190 2179 1328 2211 Stoicus
1350 2180 1479 2211 studuit

150 2223 310 2256 Martha:
334 2224 487 2256 Stoicum
507 2234 545 2255 se
566 2223 670 2255 voluit
688 2223 813 2264 Stangl
944 2233 978 2254 11
1003 2223 1044 2255 L.
1071 2222 1106 2255 F.
1125 2223 1262 2254 Martha
1279 2234 1286 2255 :
1311 2223 1478 2255 Balearici

150 2268 221 2300 filio
244 2267 433 2299 Lambinus
542 2267 710 2308 Caepioni
726 2268 815 2308 vulg.
834 2277 842 2298 ι
865 2267 1041 2307 Caepione
1057 2266 1087 2297 L
1193 2276 1231 2305 13
1255 2267 1392 2308 scriptis
1406 2278 1474 2299 om.

153 2311 219 2343 0¹:
241 2312 432 2343 scribendis
447 2310 663 2343 Lambinus:
686 2311 912 2342 scribentibus
934 2310 1084 2351 Kraffert
1214 2321 1256 2350 24
1275 2314 1353 2352 post
1374 2311 1477 2342 Cotta

152 2355 386 2396 Sulpiciusque
416 2355 665 2395 expetebantur
694 2353 851 2387 Martha:
892 2355 1003 2385 rarius
1034 2354 1135 2385 Cotta
1164 2357 1194 2385 et
1227 2354 1396 2395 Sulpicius
1420 2365 1478 2386 ex-

152 2399 356 2439 petebantur
370 2398 542 2430 Eberhard
553 2411 560 2430 :
584 2402 658 2429 tum
675 2399 715 2430 C.
732 2402 763 2429 et
785 2398 819 2430 S.
839 2398 1088 2439 expetebantur
1101 2397 1247 2429 Piderit:
1271 2399 1372 2430 Cotta
1389 2409 1474 2439 raro,

151 2443 263 2474 ran‘us
278 2443 312 2475 S.
333 2443 558 2484 expetebatur
571 2441 696 2484 Stangl
710 2453 718 2473 :
740 2442 801 2473 alii
812 2442 879 2473 alia
