1696 2730
690 136 927 178 ORATOR
1424 141 1472 171 10
1491 147 1532 181 35

142 260 226 294 tum
253 263 292 296 et
317 263 564 296 recusantem
593 257 692 294 haec
716 253 885 293 seribere
907 265 993 292 esse
1021 265 1173 290 ausum.
1231 251 1337 289 Volo
1363 249 1469 289 enim

141 320 239 359 mihi
262 328 395 361 tecum
423 334 638 360 commune
665 333 752 358 esse
777 318 937 364 crimen,
966 324 1019 364 ut,
1046 316 1078 355 si
1104 314 1296 355 sustinere
1319 322 1468 353 tantam

141 386 414 436 quaestionem
437 399 519 425 non
546 392 723 435 potuero,
746 383 880 422 iniusti
906 381 1036 422 oneris
1062 380 1238 431 impositi
1264 388 1331 418 tua
1354 381 1471 430 culpa

141 450 200 498 sit,
226 464 315 490 mea
343 450 490 501 recepti
503 465 514 499 3
551 450 592 488 in
621 463 701 500 quo
727 456 860 487 tamen
886 446 1158 491 iudicinostri
1186 459 1356 486 errorem
1385 446 1470 483 laus

104 533 121 565 5
140 515 212 554 tibi
240 515 323 555 dati
351 515 524 555 muneris
552 513 838 565 compensabit.
1489 544 1525 571 11

194 582 273 620 Sed
302 580 342 619 in
372 581 482 620 omni
509 594 550 620 re
575 579 850 619 difficillimum
882 585 941 617 est
970 579 1149 625 formam,
1181 575 1249 627 qui
1281 576 1471 628 χαρακτὴρ
1491 593 1533 634 36

141 646 292 685 Graece
324 645 476 693 dicitur,
508 658 704 696 exponere
738 643 887 695 optimi,
920 644 1030 694 quod
1058 642 1166 681 aliud
1199 641 1284 680 aliis
1315 641 1471 681 videtur

140 710 346 762 optimum.
406 710 539 750 Ennio
558 711 745 757 delector,
766 709 820 748 ait
840 708 1047 759 quispiam,
1069 708 1179 758 quod
1199 720 1281 745 non
1301 706 1471 746 discedit

138 787 162 814 a
185 776 390 815 communi
416 789 526 815 more
550 776 760 814 verborum
774 788 785 823 3
814 773 998 821 Pacuvio,
1021 772 1149 823 inquit
1176 772 1300 811 alius:
1330 785 1469 811 omnes

84 858 123 881 10
138 842 246 891 apud
284 841 391 880 hunc
428 840 556 880 ornati
592 839 861 889 elaboratique
899 845 990 878 sunt
1026 851 1172 885 versus,
1205 839 1331 876 multo
1363 838 1470 887 apud

139 906 304 945 alterum
339 905 608 957 neglegentius
622 920 632 954 3
671 906 733 944 fac
766 904 887 943 alium
918 903 1044 943 Accio
1059 918 1069 952 3
1107 902 1213 942 varia
1241 902 1347 941 enim
1378 909 1469 941 sunt

140 970 297 1018 iudicia,
337 979 380 1010 ut
410 970 450 1009 in
482 971 655 1018 Graecis,
694 983 769 1009 nec
806 969 929 1008 facilis
967 967 1176 1019 explicatio
1209 981 1311 1018 quae
1344 968 1470 1006 forma

141 1034 311 1074 maxime
339 1038 513 1075 excellat.
574 1037 622 1074 In
650 1034 812 1086 picturis
840 1033 938 1073 alios
967 1032 1126 1072 horrida
1154 1032 1312 1080 inculta,
1334 1031 1470 1071 abdita

140 1107 180 1140 et
213 1113 348 1151 opaca,
379 1108 517 1140 contra
553 1100 651 1139 alios
682 1100 807 1139 nitida
843 1100 945 1138 laeta
982 1100 1222 1137 conlustrata
1259 1098 1469 1136 delectant.

83 1181 122 1214 15
144 1165 254 1215 Quid
273 1174 332 1205 est
352 1179 432 1216 quo
451 1165 735 1217 praescriptum
756 1164 919 1215 aliquod
941 1170 1008 1202 aut
1028 1164 1237 1202 formulam
1264 1161 1469 1213 exprimas,

141 1243 232 1270 cum
262 1230 303 1269 in
333 1244 405 1270 suo
431 1231 609 1281 quidque
637 1244 779 1281 genere
804 1235 975 1280 praestet
1000 1236 1039 1268 et
1061 1241 1204 1279 genera
1228 1229 1339 1278 plura
1364 1227 1471 1266 sint?

143 1296 234 1334 Hac
263 1308 337 1346 ego
365 1295 553 1346 religione
577 1309 659 1334 non
683 1308 770 1333 sum
793 1294 845 1333 ab
868 1295 946 1333 hoc
969 1300 1114 1332 conatu
1140 1294 1318 1342 repulsus
1345 1290 1471 1330 existi-

142 1359 325 1410 mavique
354 1360 394 1399 in
425 1360 610 1400 omnibus
639 1360 757 1399 rebus
783 1372 869 1398 esse
894 1357 1045 1409 aliquid
1069 1356 1275 1408 optimum,
1299 1356 1418 1395 etiam
1439 1356 1471 1396 si

9 1465 19 1482 ,Α
141 1427 289 1473 lateret,
309 1425 431 1476 idque
450 1426 501 1465 ab
521 1439 569 1465 eo
588 1438 706 1476 posse
725 1423 794 1476 qui
813 1423 896 1463 eius
916 1423 970 1462 rei
990 1436 1133 1474 gnarus
1153 1429 1255 1462 esset
1275 1421 1450 1461 iudicari.

84 1505 126 1528 20
196 1491 275 1530 Sed
295 1490 484 1541 quoniam
508 1492 619 1542 plura
638 1497 729 1529 sunt
755 1489 978 1528 orationum
998 1501 1142 1539 genera
1167 1501 1293 1538 eaque
1317 1487 1471 1526 diversa
1491 1493 1532 1527 37

141 1568 271 1606 neque
286 1555 327 1594 in
343 1569 463 1594 unam
486 1557 653 1594 formam
669 1556 817 1594 cadunt
832 1553 978 1601 omnia,
991 1552 1265 1592 laudationum
1282 1550 1474 1605 [scriptio-

141 1618 255 1673 num]
275 1627 315 1659 et
334 1620 584 1659 histonarum
604 1628 643 1659 et
669 1620 805 1658 talium
827 1618 1067 1665 suasionum,
1090 1620 1248 1668 qualem
1277 1619 1471 1656 Isocrates

141 1684 233 1724 fecit
254 1685 538 1736 Panegyricum
559 1685 752 1735 multique
771 1683 836 1723 alii
857 1683 926 1734 qui
941 1690 1033 1722 sunt
1049 1682 1242 1722 nominati
1258 1682 1468 1733 sophistae,

142 1749 461 1801 reliquarumque
493 1749 751 1801 scriptionum
786 1747 948 1802 [rerum]
979 1749 1159 1796 formam,
1192 1761 1294 1798 quae
1326 1748 1472 1786 absunt

85 1829 124 1861 25
141 1828 165 1854 a
190 1815 335 1855 forensi
365 1815 622 1855 contentione
651 1814 816 1865 eiusque
843 1813 964 1853 totius
996 1812 1149 1864 generis
1180 1813 1290 1863 quod
1319 1813 1471 1851 Graece

141 1881 380 1920 ἐπιδεικτικὸν
405 1880 642 1927 nominatur,
665 1880 759 1930 quia
778 1879 890 1930 quasi
913 1880 964 1918 ad
993 1877 1284 1929 inspiciendum
1305 1878 1473 1916 delecta-

141 1946 259 1986 tionis
279 1959 398 1985 causa
417 1954 690 1996 comparatum
710 1953 780 1993 est,
803 1958 885 1983 non
905 1945 1146 1995 complectar
1171 1944 1249 1982 hoc
1268 1950 1447 1994 tempore
1461 1958 1471 1992 3

141 2025 222 2051 non
257 2025 338 2062 quo
371 2012 617 2062 neglegenda
648 2010 721 2059 sit;
764 2017 823 2050 est
857 2009 962 2049 enim
992 2009 1059 2048 illa
1086 2008 1199 2060 quasi
1227 2008 1358 2047 nutrix
1388 2008 1473 2048 eius

188 2125 202 2145 1
229 2118 443 2146 recusantem
460 2114 549 2155 vulg.
566 2125 573 2144 :
596 2113 819 2145 recusandum
836 2110 865 2142 L
1005 2121 1027 2152 3
1050 2112 1174 2143 iniuste
1193 2112 1316 2143 maluit
1328 2112 1365 2144 K
1365 2114 1477 2154 raffert

141 2159 163 2190 6
184 2158 240 2198 qui
263 2158 373 2190 Tulich
393 2157 452 2197 (ed.
470 2158 571 2189 Rom.
592 2158 688 2196 1515)
704 2168 712 2188 ε
735 2166 823 2196 quae
840 2155 924 2186 idem
939 2155 975 2186 in
993 2166 1100 2196 marg.
1117 2166 1126 2186 τ
1149 2157 1241 2196 quod
1258 2155 1288 2186 L
1436 2166 1476 2187 10

141 2202 246 2233 multo
262 2201 451 2232 Lambinus
465 2212 472 2232 ε
496 2201 600 2232 multa
617 2199 647 2231 L
663 2212 671 2231 ς
694 2200 787 2231 multi
803 2199 943 2231 Schenkl
1044 2209 1082 2239 13
1105 2199 1193 2230 alios
1209 2199 1296 2240 vulg.
1310 2210 1318 2230 :
1342 2199 1428 2230 alius
1444 2199 1474 2230 L

141 2245 255 2277 abdita
270 2250 304 2276 et
320 2245 389 2277 secl.
407 2243 551 2285 Madvig
665 2254 704 2282 14
729 2243 813 2275 alios
829 2267 837 2275 .
855 2267 862 2275 .
883 2266 890 2274 .
909 2242 1081 2274 delectant
1099 2243 1206 2283 vulg:
1231 2243 1317 2274 alius
1330 2243 1476 2275 delectat

142 2287 192 2320 L:
217 2288 406 2320 delectatur
420 2287 466 2319 ed.
485 2287 634 2319 Non‘mb.
758 2296 796 2327 15
819 2287 1066 2327 praescriptum
1082 2286 1170 2318 codd.
1187 2286 1280 2318 dett.:
1306 2287 1475 2327 perscrip-

142 2337 212 2363 tum
230 2331 258 2363 L
367 2332 406 2363 16
427 2331 577 2371 quidque
595 2330 696 2361 Reid:
721 2331 879 2371 quodque
895 2328 926 2360 L
941 2341 949 2361 :
971 2340 1127 2370 quaeque
1143 2329 1329 2370 Heerdegen
1434 2340 1476 2370 24

142 2375 363 2416 scriptionum
379 2375 448 2406 secl.
463 2374 614 2416 Sauppe:
640 2375 841 2415 transposuit
849 2377 926 2415 post
947 2374 1220 2414 reliquarumque
1243 2373 1340 2405 deleto
1362 2383 1476 2405 rerum

143 2418 282 2451 Schenkl
367 2428 477 2450 rerum
494 2417 545 2450 L:
569 2428 684 2450 earum
703 2418 824 2449 maluit
833 2417 929 2457 Jahn
1039 2419 1082 2449 26
1104 2417 1185 2458 quia
1199 2416 1289 2460 vulg.
1306 2428 1314 2449 ε
1338 2427 1405 2458 qua
1422 2417 1451 2450 L
