1696 2730
163 143 218 182 26
237 158 280 191 93
555 143 614 183 M.
644 144 815 183 TVLLI
846 142 1158 184 CICERONIS

237 255 327 296 illae
347 254 567 307 superiores
588 255 846 295 conficientes
865 262 1066 303 vocentur,
1088 257 1164 294 hae
1183 254 1357 306 reliquae
1376 261 1575 306 ponantur

176 332 220 365 94
236 321 278 361 in
312 335 361 361 eo
391 334 545 372 genere,
576 328 620 360 ut
653 320 737 360 sine
768 320 829 360 his
862 321 1006 361 confici
1039 334 1121 360 non
1151 319 1286 372 possit.
1345 319 1575 360 Conficiens

235 396 370 427 autem
401 401 520 427 causa
549 387 626 427 alia
658 395 718 427 est
749 388 932 439 absoluta
962 395 1001 427 et
1031 389 1205 438 perfecta
1233 400 1304 438 per
1335 400 1388 435 se,
1419 386 1496 426 alia
1523 387 1576 425 ad

234 453 386 505 aliquid
423 453 616 494 adiuvans
654 460 693 493 et
725 453 923 493 efficiendi
961 453 1068 493 socia
1105 454 1331 504 quaedam;
1371 451 1484 492 cuius
1516 451 1574 491 vis

233 518 388 571 generis
415 518 523 558 varia
549 526 608 560 est
637 526 676 559 et
704 533 822 570 saepe
850 527 919 558 aut
947 519 1072 558 maior
1100 527 1168 558 aut
1197 517 1357 572 minor[‚
1383 525 1426 557 ut
1454 516 1574 557 etiam
1594 525 1611 557 5

235 597 282 625 ea
315 598 419 636 quae
456 584 670 625 maximam
699 585 779 624 vim
813 585 934 624 habet
963 587 1047 624 sola
1085 598 1203 637 saepe
1240 598 1359 624 causa
1391 580 1572 636 dicatur}

234 652 336 691 Sunt
364 658 498 691 autern
526 651 626 690 aliae
655 664 808 698 causae,
832 664 934 701 quae
963 658 1031 689 aut
1059 658 1218 702 propter
1244 649 1483 701 principium
1507 655 1575 687 aut

235 723 397 769 propter
416 717 564 756 exitum
579 716 838 755 conficientes
853 724 1057 755 vocantur.
1107 717 1211 756 Cum
1227 723 1360 755 autern
1376 713 1576 765 quaeritur

236 782 335 832 quid
364 781 413 821 sit
441 781 638 832 optimum
667 783 785 830 factu,
806 789 875 820 aut
903 781 1050 820 utilitas
1078 788 1146 820 aut
1175 794 1265 832 spes
1298 779 1496 820 efficiendi
1524 780 1576 819 ad

235 846 543 886 adsentiendum
576 846 744 897 impellit
777 846 943 885 animos.
1003 848 1055 885 Et
1092 845 1283 896 quoniam
1320 846 1372 885 de
1409 844 1577 885 utilitate
1597 855 1637 880 10

235 911 314 951 iam
353 911 536 960 diximus,
576 913 628 952 de
666 911 863 951 efficiendi
900 911 1053 951 ratione
1090 911 1281 951 dicamus.
1359 912 1453 961 Quo
1490 917 1576 950 toto

233 991 377 1028 genere
411 977 650 1028 quibuscum
682 985 721 1017 et
752 985 890 1017 contra
923 991 1035 1028 quos,
1069 991 1149 1029 quo
1182 985 1361 1029 tempore
1393 984 1461 1016 aut
1494 989 1576 1028 quo

234 1044 325 1082 loco
353 1050 422 1082 aut
455 1042 600 1093 quibus
634 1043 888 1082 facultatibus
921 1056 1120 1083 armorum
1154 1042 1348 1094 pecuniae
1376 1041 1574 1082 sociorum

233 1121 419 1147 earumve
438 1122 568 1148 rerum
589 1122 691 1159 quae
711 1110 762 1148 ad
784 1122 986 1160 quamque
1006 1122 1088 1148 rem
1109 1108 1358 1148 efficiendam
1377 1107 1576 1159 pertinent

234 1173 433 1224 possimus
462 1174 520 1213 uti
543 1174 823 1225 requirendum
845 1182 915 1214 est.
975 1176 1119 1225 Neque
1140 1176 1269 1214 solum
1296 1187 1342 1213 ea
1362 1181 1453 1212 sunt
1473 1186 1575 1224 quae
1596 1186 1635 1220 15

233 1239 350 1279 nobis
376 1247 600 1290 suppetant,
632 1241 703 1279 sed
732 1240 851 1280 etiam
880 1240 947 1279 illa
976 1254 1078 1291 quae
1105 1241 1363 1280 adversentur
1389 1238 1574 1278 videnda.

235 1306 287 1343 Et
316 1304 348 1343 si
381 1318 429 1344 ex
457 1305 716 1346 contentione
746 1305 980 1356 procliviora
1013 1314 1128 1345 erunt
1158 1313 1302 1351 nostra,
1334 1318 1416 1344 non
1447 1305 1576 1343 solum

233 1368 335 1408 effici
361 1382 479 1419 posse
505 1383 607 1422 quae
635 1372 849 1410 suademus
878 1370 950 1410 erit
977 1372 1311 1422 persuadendum,
1342 1372 1414 1410 sed
1442 1383 1578 1410 curan-

234 1435 331 1474 dum
379 1434 498 1475 etiam
544 1443 587 1475 ut
625 1437 690 1475 illa
733 1436 863 1476 facilia
905 1436 1095 1487 proclivia
1138 1436 1313 1476 iucunda
1356 1436 1574 1476 videantur.

237 1499 572 1540 Dissuadentibus
617 1509 750 1541 autern
795 1509 863 1541 aut
900 1501 1047 1541 utilitas
1092 1503 1369 1542 labefactanda
1412 1509 1472 1542 est
1508 1509 1577 1542 aut
1597 1513 1638 1536 20

236 1565 435 1605 efficiendi
463 1566 714 1606 difficultates
743 1568 976 1615 efferendae,
998 1581 1130 1618 neque
1152 1567 1238 1607 aliis
1268 1582 1315 1608 ex
1344 1567 1576 1620 praeceptis,

173 1635 217 1679 96
237 1631 308 1670 sed
328 1631 479 1670 eisdem
500 1645 548 1671 ex
567 1632 761 1672 suasionis
789 1632 897 1672 locis.
955 1635 1133 1684 Vterque
1157 1647 1251 1673 vero
1275 1634 1327 1672 ad
1349 1634 1577 1685 augendum

235 1697 381 1736 habeat
414 1699 685 1748 exemplorum
718 1706 786 1737 aut
817 1698 1047 1747 recentium,
1080 1712 1161 1749 quo
1198 1698 1353 1738 notiora
1389 1698 1478 1747 sint,
1509 1706 1579 1738 aut

234 1770 422 1810 veterum,
454 1776 535 1814 quo
566 1765 655 1814 plus
683 1763 925 1803 auctoritatis
956 1765 1141 1813 habeant,
1172 1764 1329 1815 copiam
1343 1779 1355 1813 ‚-
1391 1764 1577 1804 maxime-

235 1840 312 1877 que
351 1827 400 1866 sit
437 1827 478 1866 in
517 1829 594 1868 hoe
624 1842 767 1879 genere
799 1828 1024 1877 meditatus,
1056 1836 1100 1868 ut
1132 1829 1258 1881 possit
1290 1830 1354 1868 vel
1384 1829 1494 1870 utilia
1527 1843 1574 1869 ac
1596 1838 1637 1872 25

234 1892 455 1933 necessaria
478 1907 596 1944 saepe
622 1893 800 1933 honestis
820 1895 882 1934 vel
908 1895 1008 1934 haee
1027 1894 1103 1933 illis
1122 1896 1325 1934 anteferre.
1384 1895 1450 1934 Ad
1470 1909 1577 1934 com-

235 1959 456 1997 movendos
487 1966 621 1998 autem
660 1959 816 1998 animos
854 1959 1024 1999 maxime
1062 1959 1281 2011 proficient,
1315 1959 1348 1999 si
1384 1959 1579 2000 incitandi

234 2030 358 2070 erunt,
382 2023 465 2062 eius
495 2024 606 2063 modi
636 2025 856 2064 sententiae
882 2038 984 2076 quae
1012 2032 1080 2064 aut
1105 2026 1157 2064 ad
1186 2026 1402 2076 explendas
1428 2025 1579 2077 cupidi-

235 2096 335 2127 tates
363 2096 432 2128 aut
460 2090 511 2129 ad
541 2089 679 2128 odium
709 2089 935 2131 satiandum
965 2097 1033 2129 aut
1061 2091 1113 2129 ad
1138 2090 1387 2130 ulciscendas
1415 2090 1576 2130 iniurias

167 825 218 864 27

233 2153 499 2204 pertinebunt.
569 2154 638 2193 Sin
668 2162 801 2194 autem
831 2155 1082 2206 reprimendi,
1111 2156 1162 2195 de
1190 2155 1342 2195 incerto
1370 2163 1474 2194 statu
1502 2157 1577 2195 for·
1595 2161 1636 2195 30
1694 2159 1696 2178 a

234 2226 354 2257 tunae
383 2218 595 2269 dubiisque
625 2219 776 2259 eventis
805 2234 934 2259 rerum
963 2221 1181 2260 futurarum
1211 2227 1250 2259 et
1278 2221 1329 2260 de
1357 2219 1574 2260 retinendis

233 2282 313 2322 suis
352 2283 529 2332 fortunis,
566 2284 598 2323 si
637 2292 751 2324 erunt
782 2287 994 2334 secundae,
1028 2285 1089 2324 sin
1122 2293 1255 2325 autem
1288 2286 1486 2334 adversae,
1523 2287 1575 2326 de

255 2393 285 2425 5,
305 2386 326 2415 6
350 2390 387 2416 ut
402 2409 410 2418 .
431 2410 438 2418 .
460 2410 466 2418 .
486 2387 619 2419 dicatur
642 2399 708 2421 om.
724 2388 821 2420 Petc.
914 2398 953 2428 15
977 2389 1088 2421 solum
1105 2399 1173 2421 om.
1186 2389 1221 2420 P
1309 2390 1348 2422 18
1364 2389 1429 2421 erit
1444 2399 1511 2421 om.
1530 2388 1565 2421 P
