1696 2730
97 516 115 548 5

74 838 116 862 10

74 1162 113 1196 15

678 132 915 174 ORATOR
1412 144 1466 184 43
1488 140 1548 184 146

134 241 176 281 in
201 240 442 294 disputando
468 256 589 294 quam
615 257 662 283 ea
689 244 741 283 de
769 243 914 295 quibus
942 243 1160 284 dicendum
1187 251 1246 284 est
1265 244 1466 296 dignitatis

134 308 368 347 habuerunt.
432 310 495 348 De
527 308 656 348 verbis
688 309 795 348 enim
828 309 1118 360 componendis
1151 317 1191 349 et
1223 311 1274 350 de
1307 311 1465 361 syllabis
1487 326 1548 361 147

135 386 258 424 prope
273 375 439 412 modum
455 373 754 414 dinumerandis
774 382 813 414 et
832 374 1086 415 dimetiendis
1106 376 1333 426 loquemur3
1363 389 1465 427 quae

134 437 253 478 etiam
282 438 315 477 si
343 445 446 486 sunt,
467 438 583 478 sicuti
611 438 709 478 mihi
733 439 930 489 videntur,
949 439 1180 489 necessaria,
1202 447 1336 480 tamen
1365 442 1466 481 fiunt

135 502 449 554 magnificentius
479 517 599 554 quam
628 505 832 544 docentur.
892 507 965 544 Est
992 504 1033 545 id
1062 505 1228 545 omnino
1256 520 1404 554 verum,
1425 514 1465 546 at

133 567 290 619 proprie
318 568 359 607 in
393 569 471 608 hoc
499 568 653 608 dicitur.
717 570 823 608 Nam
851 569 1032 609 omniurn
1062 584 1292 622 magnarum
1321 571 1463 610 artium

133 633 235 672 sieut
253 634 438 673 arborum
464 633 633 674 altitudo
658 648 732 674 nos
758 636 939 684 delectat,
962 635 1113 675 radices
1143 635 1362 687 stirpesque
1383 650 1464 676 non

132 697 256 747 item3
293 699 364 738 sed
393 712 479 738 esse
507 698 574 738 illa
601 699 686 739 sine
714 699 776 739 his
804 713 886 740 non
915 707 1057 751 potest.
1121 703 1192 741 Me
1220 709 1354 741 autem
1384 701 1465 742 sive

132 763 493 814 pervulgatissimus
518 764 583 804 ille
607 778 751 813 versus,
774 765 842 816 qui
866 773 972 805 vetat

361 837 486 869 artem
514 831 664 881 pudere
691 830 876 882 proloqui
904 841 1036 882 quam·
1054 830 1220 880 factites,

132 891 380 931 dissimulare
417 905 498 931 non
546 892 638 932 sinit
681 892 750 944 qui
786 894 972 944 delecter,
1009 893 1090 934 sive
1127 901 1241 934 tuum
1288 894 1463 934 studium

131 970 155 996 a
181 970 245 996 me
271 958 348 996 hoc
367 959 555 997 volumen
580 958 779 1009 expressit,
801 966 935 998 tamen
961 959 1017 998 eis
1037 973 1138 1010 quos
1163 959 1314 1011 aliquid
1340 974 1465 1011 repre-

131 1023 324 1061 hensuros
351 1021 578 1073 suspicabar
603 1025 927 1074 respondendum
954 1024 1037 1063 fuit.
1097 1026 1219 1074 Quod
1243 1024 1275 1064 si
1295 1039 1342 1064 ea
1361 1039 1463 1076 quae
1484 1030 1545 1072 148

132 1086 213 1126 dixi
239 1100 320 1126 non
346 1087 401 1126 ita
426 1095 567 1135 essent,
590 1087 678 1138 quis
698 1095 831 1128 tamen
858 1102 900 1128 se
925 1096 1006 1128 tam
1027 1091 1170 1129 durum
1190 1098 1464 1141 agrestemque

132 1153 338 1204 praeberet
365 1151 434 1203 qui
462 1154 566 1192 hanc
595 1153 693 1191 mihi
720 1167 803 1193 non
829 1155 939 1194 daret
964 1154 1132 1203 veniam,
1162 1163 1205 1194 ut
1230 1169 1322 1194 cum
1351 1169 1464 1195 meae

130 1218 306 1257 forenses
338 1225 440 1257 artes
474 1225 513 1257 et
545 1218 722 1258 actiones
755 1219 939 1270 publicae
976 1220 1255 1269 concidissent,
1286 1234 1368 1260 non
1399 1234 1463 1261 me

130 1290 199 1322 aut
224 1282 410 1331 desidiae,
439 1285 549 1334 quod
578 1285 705 1323 facere
733 1298 815 1324 non
844 1297 1019 1335 possum,
1047 1292 1115 1324 aut
1141 1285 1371 1334 maestitiae,
1399 1285 1463 1325 cui

131 1348 281 1396 resisto,
309 1348 440 1400 potius
473 1362 593 1400 quam
627 1348 764 1389 litteris
797 1350 1015 1389 dederem?
1062 1351 1177 1400 Quae
1206 1349 1369 1401 quidem
1398 1364 1463 1390 me

131 1421 250 1453 antea
268 1413 309 1452 in
328 1413 475 1453 iudicia
492 1422 612 1465 atque
631 1414 672 1453 in
692 1414 838 1454 curiam
855 1415 1122 1464 deducebant,
1135 1429 1242 1455 nunc
1261 1415 1464 1455 oblectant

74 1491 117 1515 20
133 1479 269 1528 domi3
300 1492 376 1519 nec
403 1493 497 1519 vero
525 1479 669 1519 talibus
697 1481 821 1520 modo
849 1481 967 1520 rebus
996 1480 1122 1532 qualis
1151 1480 1217 1520 hic
1245 1481 1344 1520 liber
1372 1494 1464 1520 con-

73 1821 114 1854 ²⁵

132 1545 242 1592 tinet,
273 1546 344 1584 sed
377 1546 503 1584 multo
531 1544 650 1584 etiam
679 1545 920 1596 gravioribus
954 1553 993 1585 et
1021 1545 1236 1586 maioribus
1251 1560 1262 1595 3
1299 1559 1402 1596 quae
1430 1545 1463 1585 si

130 1617 246 1649 erunt
273 1611 480 1661 perfectae,
509 1611 686 1661 profecto
715 1610 896 1650 maximis
924 1611 1041 1650 rebus
1067 1611 1290 1650 forensibus
1319 1610 1462 1650 nostris

133 1673 188 1728 [et
213 1672 399 1728 externis]
419 1674 595 1714 inclusae
616 1673 672 1727 [et
697 1673 957 1729 domesticae]
977 1675 1128 1715 litterae
1148 1676 1459 1727 respondebunt.

133 1741 212 1780 Sed
231 1741 283 1779 ad
302 1739 521 1779 institutam
541 1739 850 1790 disputationem
870 1748 1118 1780 revertamur.

188 1806 517 1846 Conlocabuntur
530 1805 646 1857 igitur
659 1806 788 1854 verba,
803 1814 871 1845 aut
890 1814 933 1846 ut
953 1806 1053 1846 inter
1071 1820 1113 1846 se
1126 1820 1245 1858 quam
1261 1804 1463 1857 aptissime

132 1871 370 1910 cohaereant
403 1877 576 1910 extrema
606 1883 696 1909 cum
731 1870 866 1922 primis
897 1885 1023 1922 eaque
1056 1871 1134 1910 sint
1165 1884 1284 1922 quam
1319 1870 1464 1910 suavis-

130 1935 240 1975 simis
264 1935 442 1983 vocibus,
466 1942 534 1974 aut
560 1943 603 1974 ut
628 1937 754 1975 forma
782 1935 868 1988 ipsa
895 1936 1225 1988 concinnitasque
1251 1937 1461 1976 verborum

130 2000 316 2040 conficiat
343 2001 480 2040 orbem
516 2014 646 2050 suum,
670 2008 740 2040 aut
767 2009 811 2040 ut
839 2001 1144 2053 comprehensio
1178 2015 1390 2041 numerose
1423 2008 1462 2041 et

130 2073 222 2116 apte
247 2067 374 2105 cadat.
431 2068 566 2117 Atque
588 2066 686 2106 illud
710 2066 880 2118 primum
901 2067 1106 2107 videamus
1126 2069 1243 2118 quale
1269 2066 1329 2116 sit,
1352 2068 1462 2118 quod

1478 1781 1534 1820 44

1483 1842 1545 1875 149

71 2144 116 2178 30
131 2133 193 2171 vel
226 2131 396 2172 maxime
427 2131 626 2172 desiderat
654 2132 914 2184 diligentiam,
946 2140 990 2172 ut
1026 2134 1094 2172 fiat
1126 2132 1238 2184 quasi
1270 2140 1464 2172 structura

132 2198 327 2249 quaedam
352 2211 427 2237 nee
452 2204 586 2237 tamen
614 2198 682 2237 fiat
707 2211 873 2249 operose
886 2212 897 2247 3
925 2212 1017 2237 nam
1044 2206 1147 2238 esset
1166 2212 1259 2238 cum
1284 2197 1461 2237 infinitus

173 2311 192 2342 5
216 2307 250 2334 at
266 2301 428 2335 Schenkl:
451 2307 488 2334 ut
502 2302 536 2333 A
553 2314 561 2335 :
584 2303 646 2334 sed
663 2301 692 2333 L
822 2312 844 2343 9
868 2302 1170 2344 pervagatissimus
1186 2302 1216 2334 L
1343 2311 1379 2334 11
1404 2302 1460 2342 qui

129 2344 292 2388 Madvig:
314 2347 396 2387 quin
412 2347 480 2378 AL
495 2357 503 2378 :
527 2352 688 2387 quantum
705 2345 792 2376 Reid
900 2356 942 2377 22
965 2346 1121 2378 maximis
1136 2357 1204 2379 om.
1221 2345 1252 2377 L
1359 2355 1402 2386 23
1427 2351 1463 2378 et

128 2390 281 2421 externis
296 2400 362 2422 om.
382 2389 412 2421 L
500 2394 535 2422 et
552 2390 759 2422 domesticae
774 2399 838 2421 om.
859 2389 888 2421 L
1034 2400 1075 2432 27
1100 2395 1159 2422 aut
1174 2395 1211 2422 ut
1225 2390 1259 2422 A
1276 2401 1284 2421 :
1307 2393 1344 2421 ut
1359 2395 1416 2421 aut
1434 2390 1463 2421 L

127 2442 173 2473 30
195 2437 232 2465 ut
249 2433 308 2466 fiat
321 2433 352 2465 A
369 2444 377 2467 :
401 2438 454 2467 est
469 2434 562 2466 enim
574 2434 601 2466 L
618 2445 626 2467 :
649 2439 702 2466 est
718 2432 807 2465 enim
823 2437 860 2465 ut
876 2433 935 2465 fiat
949 2433 1039 2476 vulg.
1142 2444 1183 2475 31
1202 2434 1261 2466 fiat
1276 2433 1309 2465 A
1326 2445 1334 2466 z
1357 2433 1416 2465 fiet
1431 2431 1461 2464 L
