1630 2730
686 154 904 194 BRVTVS
1410 157 1469 195 60
1490 172 1504 194 2
1514 172 1526 194 ι
1533 163 1552 194 8

133 264 432 316 percontatione
447 264 502 303 fili
517 264 614 316 quid
634 264 675 303 in
694 273 834 305 senatu
854 273 957 305 esset
975 273 1121 306 actum.
1172 268 1222 306 In
1237 281 1318 318 quo
1335 267 1467 307 multis

134 329 261 369 verbis
292 343 384 368 cum
417 329 667 370 inveheretur
699 330 740 368 in
772 331 983 371 Caesarem
1017 331 1140 372 Curio
1171 332 1468 384 disputatioque

134 403 238 435 esset
265 395 366 434 inter
393 409 474 444 eos,
496 402 539 434 ut
567 403 626 434 est
655 397 906 435 consuetudo
935 396 1196 448 dialogorum,
1216 411 1308 436 cum
1337 412 1468 438 sermo

134 467 238 500 esset
256 459 457 499 institutus
483 467 622 499 senatu
649 460 782 509 misso,
804 475 924 512 quem
951 469 1132 501 senatum
1153 463 1300 503 Caesar
1328 465 1469 503 consul

98 540 116 572 5
134 525 347 573 habuisset,
373 524 574 576 reprendit
604 539 670 564 eas
704 539 765 564 res
799 539 896 576 quas
927 526 1035 566 idem
1065 528 1212 567 Caesar
1239 542 1347 568 anno
1378 536 1468 579 post
1486 545 1534 583 δι

134 598 173 630 et
192 590 381 641 deinceps
401 590 560 641 reliquis
585 590 700 630 annis
725 591 1077 631 administravisset
1102 592 1143 631 in
1164 593 1302 633 Gallia.
1361 596 1468 633 Tum
1489 615 1549 647 219

135 657 280 694 Brutus
309 655 533 695 admirans:
572 657 798 695 Tantamne
827 656 947 696 fuisse
977 657 1232 707 oblivionem,
1260 658 1399 710 inquit,
1428 659 1469 698 in

135 720 281 772 scripto
310 720 549 772 praesertim,
578 728 622 760 ut
650 734 701 760 ne
729 722 864 772 legens
890 721 1054 772 quidem
1083 737 1274 774 umquam
1304 725 1470 764 senserit

135 794 328 837 quantum
349 786 470 837 flagiti
488 786 784 826 commisisset?
840 787 950 836 Quid
968 795 1113 836 autem,
1135 788 1309 840 inquam,
1335 792 1466 838 Brute,

77 863 118 887 ιο
135 851 292 890 stultius
312 865 445 902 quarn,
465 851 498 890 si
517 865 564 891 ea
582 851 801 902 vituperare
821 853 979 892 volebat
999 866 1102 904 quae
1120 853 1365 905 vituperavit,
1387 869 1470 894 non

136 930 186 956 eo
213 924 393 968 tempore
420 915 624 956 instituere
655 930 892 966 sermonem,
922 931 1014 957 cum
1045 918 1198 958 illarum
1229 934 1358 959 rerum
1390 920 1469 959 iam

137 990 316 1034 tempora
345 982 654 1033 praeterissent?
709 984 788 1022 Sed
826 983 881 1022 ita
913 991 1020 1023 totus
1053 992 1154 1024 errat
1182 993 1225 1024 ut
1254 985 1295 1024 in
1324 987 1469 1026 eodem

137 1061 319 1087 sermone
339 1047 444 1087 dicat
465 1047 505 1086 in
525 1055 706 1087 senatum
727 1062 768 1088 se
789 1050 958 1089 Caesare
981 1052 1146 1090 consule
1172 1064 1254 1090 non
1277 1053 1469 1091 accedere

137 1121 176 1152 et
195 1113 237 1152 id
256 1112 362 1152 dicat
381 1113 469 1164 ipso
484 1115 648 1153 consule
667 1113 801 1153 exiens
821 1128 843 1154 e
863 1122 1012 1154 senatu.
1064 1117 1162 1164 Iam,
1177 1116 1246 1167 qui
1266 1118 1340 1156 hac
1359 1125 1470 1168 parte

79 1189 118 1221 15
137 1177 270 1226 animi,
285 1191 388 1229 quae
403 1186 537 1218 custos
557 1186 616 1218 est
636 1186 854 1218 ceterarum
873 1179 1007 1231 ingeni
1027 1180 1209 1231 partium,
1225 1189 1305 1220 tam
1326 1182 1469 1222 debilis

137 1251 241 1283 esset
264 1250 307 1282 ut
330 1257 382 1282 ne
405 1243 446 1282 in
475 1243 622 1295 scripto
645 1244 809 1295 quidem
837 1245 1082 1285 meminisset
1108 1246 1205 1297 quid
1232 1249 1351 1298 paulo
1376 1256 1470 1287 ante

137 1308 342 1360 posuisset,
358 1308 451 1348 huic
471 1308 634 1348 minime
654 1309 797 1348 mirum
813 1317 872 1349 est
888 1324 935 1349 ex
950 1318 1128 1362 tempore
1143 1311 1292 1352 dicenti
1312 1313 1470 1352 solitam

137 1375 295 1414 effluere
323 1382 510 1414 mentem.
570 1376 711 1425 Itaque
742 1389 833 1414 cum
867 1375 904 1415 ei
934 1389 1008 1416 nec
1039 1377 1212 1416 officium
1246 1379 1403 1417 deesset
1432 1385 1471 1417 et
1491 1395 1553 1417 220

138 1441 315 1490 flagraret
343 1439 476 1479 studio
504 1439 679 1489 dicendi,
702 1454 923 1492 perpaucae
951 1442 1003 1480 ad
1032 1455 1124 1482 eum
1154 1456 1295 1483 causae
1325 1445 1473 1483 defere-

22 1551 32 1558 Ἴ,
80 1514 121 1536 20
138 1505 292 1544 bantur.
351 1505 495 1544 Orator
522 1512 656 1544 autem
682 1505 779 1545 vivis
808 1506 893 1546 eius
921 1508 1061 1546 aetatis
1084 1507 1317 1558 aequalibus
1346 1509 1472 1560 proxi-

11 1565 15 1573 *
139 1583 227 1608 mus
255 1569 416 1620 optimis
442 1571 722 1610 numerabatur
749 1579 909 1622 propter
933 1573 1144 1611 verborum
1173 1573 1404 1622 bonitatem,
1427 1581 1471 1613 ut

138 1643 230 1674 ante
250 1635 340 1684 dixi,
363 1643 402 1675 et
421 1636 647 1686 expeditam
673 1650 719 1676 ac
742 1638 1006 1687 profluentem
1026 1639 1203 1688 quodam
1230 1639 1353 1678 modo
1373 1640 1472 1679 cele-

139 1699 303 1739 ritatem.
364 1702 505 1751 Itaque
533 1700 617 1740 eius
646 1701 844 1741 orationes
872 1702 1120 1753 aspiciendas
1149 1710 1282 1743 tamen
1311 1717 1468 1744 censeo.

140 1766 240 1804 Sunt
259 1765 348 1805 illae
364 1765 526 1816 quidem
547 1766 822 1816 languidiores,
837 1780 973 1806 verum
994 1775 1127 1807 tamen
1147 1776 1314 1819 possunt
1328 1782 1472 1820 augere

80 1839 118 1871 25
139 1838 179 1870 et
212 1830 324 1881 quasi
357 1832 462 1870 alere
495 1831 536 1870 id
570 1831 721 1870 bonum
752 1833 861 1882 quod
892 1832 933 1870 in
967 1831 1035 1872 illo
1068 1833 1319 1873 mediocriter
1351 1834 1472 1874 fuisse

139 1896 422 1935 concedimus:
460 1898 569 1947 quod
603 1897 723 1936 habet
752 1904 902 1936 tantam
931 1897 1010 1936 vim
1040 1906 1083 1936 ut
1112 1900 1242 1937 solum
1271 1899 1356 1939 sine
1386 1899 1471 1939 aliis

139 1960 179 2000 in
218 1961 392 2001 Curione
430 1962 604 2012 speciem
643 1962 806 2002 oratoris
843 1962 1008 2002 alicuius
1047 1963 1230 2003 effecerit.
1302 1966 1381 2004 Sed
1419 1966 1471 2004 ad

139 2026 317 2066 instituta
343 2028 562 2066 redeamus.

185 2140 247 2169 1-4
263 2131 297 2162 in
313 2141 382 2171 quo
398 2155 406 2163 .
426 2155 434 2164 .
454 2155 461 2163 .
482 2132 585 2163 misso
600 2132 669 2164 secl.
684 2132 858 2164 Eberhard
942 2143 971 2174 2,
987 2144 1008 2174 3
1024 2134 1276 2175 disputatioque
1294 2158 1302 2166 .
1313 2158 1321 2166 .
1337 2158 1344 2166 .
1365 2135 1470 2167 dialo-

138 2183 257 2213 gorum
279 2175 347 2206 secl.
375 2175 504 2215 Kayser
709 2178 731 2207 6
753 2177 999 2209 administravit
1021 2176 1080 2209 M:
1113 2178 1421 2210 administravisset
1445 2179 1474 2210 C

141 2226 178 2256 13
195 2216 228 2248 in
238 2223 392 2249 senatum
407 2219 496 2250 codd.
515 2219 574 2251 det.
590 2230 598 2250 ε
616 2219 650 2251 in
666 2225 787 2252 senatu
803 2219 834 2251 L
926 2231 964 2262 14
980 2225 1015 2252 et
1031 2221 1064 2253 id
1082 2221 1287 2253 Lambinus:
1312 2222 1373 2254 sed
1390 2222 1423 2254 id
1440 2224 1470 2255 L

141 2261 180 2291 16
203 2265 239 2292 ut
258 2272 303 2293 ne
320 2286 329 2294 .
345 2285 354 2294 .
374 2286 382 2294 .
401 2263 576 2303 posuisset
598 2264 667 2295 secl.
688 2263 859 2295 Eberhard
985 2275 1029 2296 20
1051 2265 1139 2297 vivis
1158 2265 1232 2297 eius
1252 2266 1374 2297 aetatis
1392 2276 1466 2307 aeq.

139 2303 324 2337 Fn'edn‘ch:
349 2306 438 2338 vivis
454 2307 528 2339 eius
543 2307 741 2347 aequalibus
753 2307 783 2339 L
803 2308 886 2349 (secl.
900 2308 1042 2350 Kayser)
1060 2320 1067 2340 :
1090 2319 1110 2340 a
1123 2310 1288 2350 temporis
1303 2309 1377 2341 eius
1393 2320 1469 2350 aeq.

140 2345 301 2390 Madvig:
323 2360 344 2381 a
359 2350 429 2382 suis
445 2361 519 2391 aeq.
537 2351 679 2382 Piderit:
704 2352 791 2384 vivis
808 2353 908 2383 etiam
927 2362 1003 2393 aeq.
1020 2351 1145 2394 Stangl
1274 2362 1316 2393 25
1341 2353 1468 2385 rnedio-

139 2391 242 2423 criter
258 2392 308 2423 L:
333 2403 400 2425 non
417 2394 634 2427 mediocriter
654 2394 781 2437 Stangl
