<?xml version="1.0" encoding="UTF-8"?>
<!DOCTYPE html PUBLIC "-//W3C//DTD XHTML 1.0 Transitional//EN"
    "http://www.w3.org/TR/xhtml1/DTD/xhtml1-transitional.dtd">
<html xmlns="http://www.w3.org/1999/xhtml" xml:lang="en" lang="en">
 <head>
  <title>
</title>
<meta http-equiv="Content-Type" content="text/html;charset=utf-8" />
  <meta name='ocr-system' content='tesseract 3.04.00' />
  <meta name='ocr-capabilities' content='ocr_page ocr_carea ocr_par ocr_line ocrx_word'/>
</head>
<body>
  <div class='ocr_page' id='page_1' title='image "./rhetoricarecogno02ciceuoft_0235.png"; bbox 0 0 1696 2730; ppageno 0'>
   <div class='ocr_carea' id='block_1_1' title="bbox 0 0 65 230">
    <p class='ocr_par' dir='ltr' id='par_1_1' title="bbox 0 0 65 230">
     <span class='ocr_line' id='line_1_1' title="bbox 0 0 65 230; baseline 0 2500"><span class='ocrx_word' id='word_1_1' title='bbox 0 0 65 230; x_wconf 95' lang='lat' dir='ltr'> </span> 
     </span>
    </p>
   </div>
   <div class='ocr_carea' id='block_1_2' title="bbox 0 222 3 1011">
    <p class='ocr_par' dir='ltr' id='par_1_2' title="bbox 0 222 3 1011">
     <span class='ocr_line' id='line_1_2' title="bbox 0 222 3 1011; baseline 0 0"><span class='ocrx_word' id='word_1_2' title='bbox 0 222 3 1011; x_wconf 95' lang='lat' dir='ltr'> </span> 
     </span>
    </p>
   </div>
   <div class='ocr_carea' id='block_1_3' title="bbox 458 161 1568 202">
    <p class='ocr_par' dir='ltr' id='par_1_3' title="bbox 458 161 1568 202">
     <span class='ocr_line' id='line_1_3' title="bbox 458 161 1568 202; baseline -0.003 0"><span class='ocrx_word' id='word_1_3' title='bbox 458 162 844 202; x_wconf 90' lang='lat' dir='ltr'><strong>PARTITIONES</strong></span> <span class='ocrx_word' id='word_1_4' title='bbox 877 161 1215 202; x_wconf 91' lang='lat' dir='ltr'><strong>ORATORIAE</strong></span> <span class='ocrx_word' id='word_1_5' title='bbox 1450 170 1508 200; x_wconf 83' lang='lat'>20</span> <span class='ocrx_word' id='word_1_6' title='bbox 1526 165 1568 200; x_wconf 85' lang='lat'>68</span> 
     </span>
    </p>
   </div>
   <div class='ocr_carea' id='block_1_4' title="bbox 118 273 1574 2348">
    <p class='ocr_par' dir='ltr' id='par_1_4' title="bbox 174 273 1568 519">
     <span class='ocr_line' id='line_1_4' title="bbox 230 273 1510 326; baseline -0.002 -11"><span class='ocrx_word' id='word_1_7' title='bbox 230 275 274 316; x_wconf 92' lang='lat' dir='ltr'>C.</span> <span class='ocrx_word' id='word_1_8' title='bbox 298 274 468 326; x_wconf 87' lang='lat' dir='ltr'>Cognita</span> <span class='ocrx_word' id='word_1_9' title='bbox 486 274 601 325; x_wconf 91' lang='lat' dir='ltr'>igitur</span> <span class='ocrx_word' id='word_1_10' title='bbox 623 274 734 313; x_wconf 90' lang='lat' dir='ltr'>omni</span> <span class='ocrx_word' id='word_1_11' title='bbox 759 273 1037 314; x_wconf 88' lang='lat' dir='ltr'>distributione</span> <span class='ocrx_word' id='word_1_12' title='bbox 1062 273 1354 325; x_wconf 87' lang='lat' dir='ltr'>propositorum</span> <span class='ocrx_word' id='word_1_13' title='bbox 1378 286 1510 312; x_wconf 81' lang='lat' dir='ltr'>causa-</span> 
     </span>
     <span class='ocr_line' id='line_1_5' title="bbox 175 339 1568 390; baseline -0.002 -12"><span class='ocrx_word' id='word_1_14' title='bbox 175 353 262 378; x_wconf 89' lang='lat' dir='ltr'>rum</span> <span class='ocrx_word' id='word_1_15' title='bbox 281 339 397 378; x_wconf 89' lang='lat' dir='ltr'>nobis</span> <span class='ocrx_word' id='word_1_16' title='bbox 416 352 560 390; x_wconf 88' lang='lat' dir='ltr'>genera</span> <span class='ocrx_word' id='word_1_17' title='bbox 579 346 618 378; x_wconf 92' lang='lat' dir='ltr'>et</span> <span class='ocrx_word' id='word_1_18' title='bbox 636 346 847 390; x_wconf 87' lang='lat' dir='ltr'>praecepta</span> <span class='ocrx_word' id='word_1_19' title='bbox 870 345 1029 378; x_wconf 83' lang='lat' dir='ltr'><strong>restant.</strong></span> <span class='ocrx_word' id='word_1_20' title='bbox 1088 340 1129 376; x_wconf 91' lang='lat' dir='ltr'>P.</span> <span class='ocrx_word' id='word_1_21' title='bbox 1152 339 1400 377; x_wconf 90' lang='lat' dir='ltr'>Admodum.</span> <span class='ocrx_word' id='word_1_22' title='bbox 1457 339 1509 376; x_wconf 92' lang='lat' dir='ltr'>Et</span> <span class='ocrx_word' id='word_1_23' title='bbox 1527 341 1568 384; x_wconf 85' lang='lat'>69</span> 
     </span>
     <span class='ocr_line' id='line_1_6' title="bbox 174 403 1511 455; baseline -0.001 -12"><span class='ocrx_word' id='word_1_24' title='bbox 174 418 308 443; x_wconf 86' lang='lat' dir='ltr'>earum</span> <span class='ocrx_word' id='word_1_25' title='bbox 339 403 502 455; x_wconf 91' lang='lat' dir='ltr'>quidem</span> <span class='ocrx_word' id='word_1_26' title='bbox 534 405 660 443; x_wconf 89' lang='lat' dir='ltr'>forma</span> <span class='ocrx_word' id='word_1_27' title='bbox 688 405 835 454; x_wconf 84' lang='lat' dir='ltr'>duplex</span> <span class='ocrx_word' id='word_1_28' title='bbox 865 410 951 443; x_wconf 88' lang='lat' dir='ltr'>est:</span> <span class='ocrx_word' id='word_1_29' title='bbox 994 416 1159 454; x_wconf 92' lang='lat' dir='ltr'>quarum</span> <span class='ocrx_word' id='word_1_30' title='bbox 1192 405 1314 442; x_wconf 88' lang='lat' dir='ltr'>altera</span> <span class='ocrx_word' id='word_1_31' title='bbox 1342 404 1511 442; x_wconf 90' lang='lat' dir='ltr'>delecta-</span> 
     </span>
     <span class='ocr_line' id='line_1_7' title="bbox 174 468 1510 519; baseline -0.001 -11"><span class='ocrx_word' id='word_1_32' title='bbox 174 468 324 509; x_wconf 87' lang='lat' dir='ltr'>tionem</span> <span class='ocrx_word' id='word_1_33' title='bbox 344 477 514 509; x_wconf 89' lang='lat' dir='ltr'>sectatur</span> <span class='ocrx_word' id='word_1_34' title='bbox 531 469 696 517; x_wconf 91' lang='lat' dir='ltr'>aurium,</span> <span class='ocrx_word' id='word_1_35' title='bbox 717 471 848 516; x_wconf 89' lang='lat' dir='ltr'>altera,</span> <span class='ocrx_word' id='word_1_36' title='bbox 869 468 930 507; x_wconf 88' lang='lat' dir='ltr'>ius</span> <span class='ocrx_word' id='word_1_37' title='bbox 950 476 993 508; x_wconf 91' lang='lat' dir='ltr'>ut</span> <span class='ocrx_word' id='word_1_38' title='bbox 1012 468 1190 508; x_wconf 91' lang='lat' dir='ltr'>obtineat</span> <span class='ocrx_word' id='word_1_39' title='bbox 1208 469 1349 519; x_wconf 91' lang='lat' dir='ltr'>probet</span> <span class='ocrx_word' id='word_1_40' title='bbox 1368 468 1510 507; x_wconf 88' lang='lat' dir='ltr'>efficiat</span> 
     </span>
    </p>

    <p class='ocr_par' dir='ltr' id='par_1_5' title="bbox 137 533 1511 847">
     <span class='ocr_line' id='line_1_8' title="bbox 137 533 1510 586; baseline -0.001 -12"><span class='ocrx_word' id='word_1_41' title='bbox 137 550 155 582; x_wconf 87' lang='lat'>5</span> <span class='ocrx_word' id='word_1_42' title='bbox 175 536 285 585; x_wconf 92' lang='lat' dir='ltr'>quod</span> <span class='ocrx_word' id='word_1_43' title='bbox 303 534 396 586; x_wconf 87' lang='lat' dir='ltr'>agit,</span> <span class='ocrx_word' id='word_1_44' title='bbox 415 536 523 574; x_wconf 91' lang='lat' dir='ltr'>unde</span> <span class='ocrx_word' id='word_1_45' title='bbox 542 534 671 573; x_wconf 89' lang='lat' dir='ltr'>omnis</span> <span class='ocrx_word' id='word_1_46' title='bbox 691 542 751 574; x_wconf 89' lang='lat' dir='ltr'>est</span> <span class='ocrx_word' id='word_1_47' title='bbox 770 541 952 585; x_wconf 88' lang='lat' dir='ltr'>suscepta</span> <span class='ocrx_word' id='word_1_48' title='bbox 977 533 1192 573; x_wconf 88' lang='lat' dir='ltr'>contentio.</span> <span class='ocrx_word' id='word_1_49' title='bbox 1251 536 1392 584; x_wconf 88' lang='lat' dir='ltr'>Itaque</span> <span class='ocrx_word' id='word_1_50' title='bbox 1411 534 1510 573; x_wconf 90' lang='lat' dir='ltr'>illud</span> 
     </span>
     <span class='ocr_line' id='line_1_9' title="bbox 173 599 1510 651; baseline -0.001 -12"><span class='ocrx_word' id='word_1_51' title='bbox 173 601 352 651; x_wconf 86' lang='lat' dir='ltr'>superius</span> <span class='ocrx_word' id='word_1_52' title='bbox 382 599 584 640; x_wconf 85' lang='lat' dir='ltr'>exornatio</span> <span class='ocrx_word' id='word_1_53' title='bbox 617 599 785 639; x_wconf 90' lang='lat' dir='ltr'>dicitur:</span> <span class='ocrx_word' id='word_1_54' title='bbox 825 600 935 650; x_wconf 93' lang='lat' dir='ltr'>quod</span> <span class='ocrx_word' id='word_1_55' title='bbox 971 613 1064 638; x_wconf 91' lang='lat' dir='ltr'>cum</span> <span class='ocrx_word' id='word_1_56' title='bbox 1102 601 1224 638; x_wconf 92' lang='lat' dir='ltr'>latum</span> <span class='ocrx_word' id='word_1_57' title='bbox 1262 613 1386 650; x_wconf 87' lang='lat' dir='ltr'>genus</span> <span class='ocrx_word' id='word_1_58' title='bbox 1424 612 1510 638; x_wconf 87' lang='lat' dir='ltr'>esse</span> 
     </span>
     <span class='ocr_line' id='line_1_10' title="bbox 175 664 1510 717; baseline -0.001 -12"><span class='ocrx_word' id='word_1_59' title='bbox 175 673 304 717; x_wconf 91' lang='lat' dir='ltr'>potest</span> <span class='ocrx_word' id='word_1_60' title='bbox 336 679 510 716; x_wconf 81' lang='lat' dir='ltr'>saneque</span> <span class='ocrx_word' id='word_1_61' title='bbox 540 665 701 713; x_wconf 90' lang='lat' dir='ltr'>varium,</span> <span class='ocrx_word' id='word_1_62' title='bbox 734 679 858 704; x_wconf 92' lang='lat' dir='ltr'>unum</span> <span class='ocrx_word' id='word_1_63' title='bbox 890 679 938 704; x_wconf 91' lang='lat' dir='ltr'>ex</span> <span class='ocrx_word' id='word_1_64' title='bbox 970 678 1019 704; x_wconf 88' lang='lat' dir='ltr'>eo</span> <span class='ocrx_word' id='word_1_65' title='bbox 1056 664 1276 715; x_wconf 87' lang='lat' dir='ltr'>deligimus,</span> <span class='ocrx_word' id='word_1_66' title='bbox 1312 666 1421 715; x_wconf 91' lang='lat' dir='ltr'>quod</span> <span class='ocrx_word' id='word_1_67' title='bbox 1458 665 1510 703; x_wconf 90' lang='lat' dir='ltr'>ad</span> 
     </span>
     <span class='ocr_line' id='line_1_11' title="bbox 174 729 1510 781; baseline -0.002 -11"><span class='ocrx_word' id='word_1_68' title='bbox 174 732 396 770; x_wconf 89' lang='lat' dir='ltr'>laudandos</span> <span class='ocrx_word' id='word_1_69' title='bbox 433 732 558 770; x_wconf 88' lang='lat' dir='ltr'>claros</span> <span class='ocrx_word' id='word_1_70' title='bbox 595 729 698 769; x_wconf 88' lang='lat' dir='ltr'>viros</span> <span class='ocrx_word' id='word_1_71' title='bbox 740 729 976 781; x_wconf 87' lang='lat' dir='ltr'>suscipimus</span> <span class='ocrx_word' id='word_1_72' title='bbox 1014 737 1053 769; x_wconf 92' lang='lat' dir='ltr'>et</span> <span class='ocrx_word' id='word_1_73' title='bbox 1089 731 1141 768; x_wconf 88' lang='lat' dir='ltr'>ad</span> <span class='ocrx_word' id='word_1_74' title='bbox 1179 729 1382 780; x_wconf 90' lang='lat' dir='ltr'>improbos</span> <span class='ocrx_word' id='word_1_75' title='bbox 1415 729 1510 768; x_wconf 90' lang='lat' dir='ltr'>vitu-</span> 
     </span>
     <span class='ocr_line' id='line_1_12' title="bbox 174 794 1511 847; baseline -0.001 -12"><span class='ocrx_word' id='word_1_76' title='bbox 174 797 382 847; x_wconf 89' lang='lat' dir='ltr'>perandos.</span> <span class='ocrx_word' id='word_1_77' title='bbox 459 797 597 835; x_wconf 88' lang='lat' dir='ltr'>Genus</span> <span class='ocrx_word' id='word_1_78' title='bbox 635 794 742 834; x_wconf 88' lang='lat' dir='ltr'>enim</span> <span class='ocrx_word' id='word_1_79' title='bbox 784 796 937 833; x_wconf 89' lang='lat' dir='ltr'>nullum</span> <span class='ocrx_word' id='word_1_80' title='bbox 975 802 1035 834; x_wconf 90' lang='lat' dir='ltr'>est</span> <span class='ocrx_word' id='word_1_81' title='bbox 1071 794 1259 834; x_wconf 87' lang='lat' dir='ltr'>orationis</span> <span class='ocrx_word' id='word_1_82' title='bbox 1297 795 1406 844; x_wconf 89' lang='lat' dir='ltr'>quod</span> <span class='ocrx_word' id='word_1_83' title='bbox 1443 801 1511 833; x_wconf 86' lang='lat' dir='ltr'>aut</span> 
     </span>
    </p>

    <p class='ocr_par' dir='ltr' id='par_1_6' title="bbox 118 859 1514 1172">
     <span class='ocr_line' id='line_1_13' title="bbox 118 859 1513 910; baseline -0.001 -10"><span class='ocrx_word' id='word_1_84' title='bbox 118 877 158 900; x_wconf 85' lang='lat'>10</span> <span class='ocrx_word' id='word_1_85' title='bbox 176 861 334 901; x_wconf 79' lang='lat' dir='ltr'>uberius</span> <span class='ocrx_word' id='word_1_86' title='bbox 362 861 415 900; x_wconf 91' lang='lat' dir='ltr'>ad</span> <span class='ocrx_word' id='word_1_87' title='bbox 443 859 659 900; x_wconf 90' lang='lat' dir='ltr'>dicendum</span> <span class='ocrx_word' id='word_1_88' title='bbox 682 867 750 900; x_wconf 88' lang='lat' dir='ltr'>aut</span> <span class='ocrx_word' id='word_1_89' title='bbox 778 860 911 899; x_wconf 91' lang='lat' dir='ltr'>utilius</span> <span class='ocrx_word' id='word_1_90' title='bbox 934 859 1158 899; x_wconf 90' lang='lat' dir='ltr'>civitatibus</span> <span class='ocrx_word' id='word_1_91' title='bbox 1181 873 1267 899; x_wconf 88' lang='lat' dir='ltr'>esse</span> <span class='ocrx_word' id='word_1_92' title='bbox 1295 859 1420 910; x_wconf 84' lang='lat' dir='ltr'>possit</span> <span class='ocrx_word' id='word_1_93' title='bbox 1444 866 1513 898; x_wconf 87' lang='lat' dir='ltr'>aut</span> 
     </span>
     <span class='ocr_line' id='line_1_14' title="bbox 174 924 1512 982; baseline -0.001 -17"><span class='ocrx_word' id='word_1_94' title='bbox 174 926 215 965; x_wconf 90' lang='lat' dir='ltr'>in</span> <span class='ocrx_word' id='word_1_95' title='bbox 249 939 330 977; x_wconf 92' lang='lat' dir='ltr'>quo</span> <span class='ocrx_word' id='word_1_96' title='bbox 363 925 486 976; x_wconf 87' lang='lat' dir='ltr'>magis</span> <span class='ocrx_word' id='word_1_97' title='bbox 519 932 649 965; x_wconf 88' lang='lat' dir='ltr'>orator</span> <span class='ocrx_word' id='word_1_98' title='bbox 680 924 981 982; x_wconf 38' lang='lat' dir='ltr'>in‘cognitione</span> <span class='ocrx_word' id='word_1_99' title='bbox 1017 924 1205 964; x_wconf 90' lang='lat' dir='ltr'>virtutum</span> <span class='ocrx_word' id='word_1_100' title='bbox 1248 924 1512 975; x_wconf 89' lang='lat' dir='ltr'>vitiorumque</span> 
     </span>
     <span class='ocr_line' id='line_1_15' title="bbox 173 984 1514 1041; baseline -0.001 -11"><span class='ocrx_word' id='word_1_101' title='bbox 173 999 357 1030; x_wconf 88' lang='lat' dir='ltr'>versetur.</span> <span class='ocrx_word' id='word_1_102' title='bbox 415 990 631 1041; x_wconf 91' lang='lat' dir='ltr'>Reliquum</span> <span class='ocrx_word' id='word_1_103' title='bbox 669 984 802 1030; x_wconf 79' lang='lat' dir='ltr'>autem</span> <span class='ocrx_word' id='word_1_104' title='bbox 839 1004 963 1041; x_wconf 87' lang='lat' dir='ltr'>genus</span> <span class='ocrx_word' id='word_1_105' title='bbox 1000 1004 1206 1030; x_wconf 89' lang='lat' dir='ltr'>causarum</span> <span class='ocrx_word' id='word_1_106' title='bbox 1243 997 1312 1029; x_wconf 89' lang='lat' dir='ltr'>aut</span> <span class='ocrx_word' id='word_1_107' title='bbox 1348 990 1390 1028; x_wconf 91' lang='lat' dir='ltr'>in</span> <span class='ocrx_word' id='word_1_108' title='bbox 1426 1003 1514 1040; x_wconf 92' lang='lat' dir='ltr'>pro-</span> 
     </span>
     <span class='ocr_line' id='line_1_16' title="bbox 174 1055 1512 1107; baseline -0.001 -12"><span class='ocrx_word' id='word_1_109' title='bbox 174 1056 326 1095; x_wconf 89' lang='lat' dir='ltr'>visione</span> <span class='ocrx_word' id='word_1_110' title='bbox 366 1055 512 1107; x_wconf 89' lang='lat' dir='ltr'>posteri</span> <span class='ocrx_word' id='word_1_111' title='bbox 554 1055 741 1107; x_wconf 85' lang='lat' dir='ltr'>temporis</span> <span class='ocrx_word' id='word_1_112' title='bbox 785 1064 854 1094; x_wconf 86' lang='lat' dir='ltr'>aut</span> <span class='ocrx_word' id='word_1_113' title='bbox 897 1055 938 1094; x_wconf 90' lang='lat' dir='ltr'>in</span> <span class='ocrx_word' id='word_1_114' title='bbox 982 1055 1178 1107; x_wconf 91' lang='lat' dir='ltr'>praeteriti</span> <span class='ocrx_word' id='word_1_115' title='bbox 1224 1055 1512 1106; x_wconf 85' lang='lat' dir='ltr'>disceptatione</span> 
     </span>
     <span class='ocr_line' id='line_1_17' title="bbox 174 1119 1508 1172; baseline -0.001 -13"><span class='ocrx_word' id='word_1_116' title='bbox 174 1128 373 1170; x_wconf 79' lang='lat' dir='ltr'>versatur3</span> <span class='ocrx_word' id='word_1_117' title='bbox 405 1135 573 1172; x_wconf 90' lang='lat' dir='ltr'>quorum</span> <span class='ocrx_word' id='word_1_118' title='bbox 602 1123 768 1160; x_wconf 87' lang='lat' dir='ltr'>alterum</span> <span class='ocrx_word' id='word_1_119' title='bbox 789 1121 1082 1160; x_wconf 85' lang='lat' dir='ltr'>deliberationis</span> <span class='ocrx_word' id='word_1_120' title='bbox 1109 1128 1168 1160; x_wconf 89' lang='lat' dir='ltr'>est</span> <span class='ocrx_word' id='word_1_121' title='bbox 1190 1122 1356 1160; x_wconf 89' lang='lat' dir='ltr'>alterum</span> <span class='ocrx_word' id='word_1_122' title='bbox 1376 1119 1508 1160; x_wconf 89' lang='lat' dir='ltr'>iudici.</span> 
     </span>
    </p>

    <p class='ocr_par' dir='ltr' id='par_1_7' title="bbox 119 1186 1573 1432">
     <span class='ocr_line' id='line_1_18' title="bbox 119 1186 1573 1238; baseline 0.003 -15"><span class='ocrx_word' id='word_1_123' title='bbox 119 1201 155 1234; x_wconf 85' lang='lat'>15</span> <span class='ocrx_word' id='word_1_124' title='bbox 177 1188 236 1225; x_wconf 89' lang='lat' dir='ltr'>Ex</span> <span class='ocrx_word' id='word_1_125' title='bbox 256 1200 335 1238; x_wconf 86' lang='lat' dir='ltr'>qua</span> <span class='ocrx_word' id='word_1_126' title='bbox 354 1186 563 1237; x_wconf 89' lang='lat' dir='ltr'>partitione</span> <span class='ocrx_word' id='word_1_127' title='bbox 586 1186 659 1225; x_wconf 89' lang='lat' dir='ltr'>tria</span> <span class='ocrx_word' id='word_1_128' title='bbox 683 1200 826 1237; x_wconf 89' lang='lat' dir='ltr'>genera</span> <span class='ocrx_word' id='word_1_129' title='bbox 854 1200 1061 1226; x_wconf 90' lang='lat' dir='ltr'>causarum</span> <span class='ocrx_word' id='word_1_130' title='bbox 1090 1186 1343 1226; x_wconf 88' lang='lat' dir='ltr'>exstiterunt:</span> <span class='ocrx_word' id='word_1_131' title='bbox 1372 1199 1508 1234; x_wconf 89' lang='lat' dir='ltr'>unum,</span> <span class='ocrx_word' id='word_1_132' title='bbox 1532 1193 1573 1227; x_wconf 88' lang='lat'>70</span> 
     </span>
     <span class='ocr_line' id='line_1_19' title="bbox 175 1251 1513 1302; baseline -0.001 -11"><span class='ocrx_word' id='word_1_133' title='bbox 175 1253 285 1302; x_wconf 89' lang='lat' dir='ltr'>quod</span> <span class='ocrx_word' id='word_1_134' title='bbox 313 1265 337 1291; x_wconf 94' lang='lat' dir='ltr'>a</span> <span class='ocrx_word' id='word_1_135' title='bbox 365 1251 526 1291; x_wconf 90' lang='lat' dir='ltr'>meliore</span> <span class='ocrx_word' id='word_1_136' title='bbox 554 1259 663 1302; x_wconf 88' lang='lat' dir='ltr'>parte</span> <span class='ocrx_word' id='word_1_137' title='bbox 692 1251 929 1291; x_wconf 87' lang='lat' dir='ltr'>laudationis</span> <span class='ocrx_word' id='word_1_138' title='bbox 958 1259 1017 1291; x_wconf 92' lang='lat' dir='ltr'>est</span> <span class='ocrx_word' id='word_1_139' title='bbox 1049 1253 1302 1302; x_wconf 86' lang='lat' dir='ltr'>appellatum,</span> <span class='ocrx_word' id='word_1_140' title='bbox 1324 1251 1513 1290; x_wconf 84' lang='lat' dir='ltr'>delibera-</span> 
     </span>
     <span class='ocr_line' id='line_1_20' title="bbox 174 1316 1512 1366; baseline 0 -11"><span class='ocrx_word' id='word_1_141' title='bbox 174 1316 293 1355; x_wconf 89' lang='lat' dir='ltr'>tionis</span> <span class='ocrx_word' id='word_1_142' title='bbox 333 1318 514 1365; x_wconf 87' lang='lat' dir='ltr'>alterum,</span> <span class='ocrx_word' id='word_1_143' title='bbox 551 1316 708 1355; x_wconf 88' lang='lat' dir='ltr'>tertium</span> <span class='ocrx_word' id='word_1_144' title='bbox 747 1316 995 1356; x_wconf 89' lang='lat' dir='ltr'>iudiciorum.</span> <span class='ocrx_word' id='word_1_145' title='bbox 1073 1318 1205 1366; x_wconf 88' lang='lat' dir='ltr'>Quam</span> <span class='ocrx_word' id='word_1_146' title='bbox 1248 1317 1302 1355; x_wconf 93' lang='lat' dir='ltr'>ob</span> <span class='ocrx_word' id='word_1_147' title='bbox 1339 1330 1422 1355; x_wconf 89' lang='lat' dir='ltr'>rem</span> <span class='ocrx_word' id='word_1_148' title='bbox 1460 1317 1512 1355; x_wconf 90' lang='lat' dir='ltr'>de</span> 
     </span>
     <span class='ocr_line' id='line_1_21' title="bbox 175 1381 1509 1432; baseline 0 -12"><span class='ocrx_word' id='word_1_149' title='bbox 175 1381 302 1432; x_wconf 86' lang='lat' dir='ltr'>primo</span> <span class='ocrx_word' id='word_1_150' title='bbox 321 1381 504 1432; x_wconf 89' lang='lat' dir='ltr'>primum,</span> <span class='ocrx_word' id='word_1_151' title='bbox 527 1381 559 1420; x_wconf 90' lang='lat' dir='ltr'>si</span> <span class='ocrx_word' id='word_1_152' title='bbox 578 1382 717 1432; x_wconf 89' lang='lat' dir='ltr'>placet,</span> <span class='ocrx_word' id='word_1_153' title='bbox 740 1381 998 1432; x_wconf 91' lang='lat' dir='ltr'>disputemus.</span> <span class='ocrx_word' id='word_1_154' title='bbox 1059 1382 1104 1422; x_wconf 88' lang='lat' dir='ltr'>C.</span> <span class='ocrx_word' id='word_1_155' title='bbox 1129 1381 1231 1420; x_wconf 90' lang='lat' dir='ltr'>Mihi</span> <span class='ocrx_word' id='word_1_156' title='bbox 1255 1395 1346 1420; x_wconf 92' lang='lat' dir='ltr'>vero</span> <span class='ocrx_word' id='word_1_157' title='bbox 1369 1382 1509 1432; x_wconf 90' lang='lat' dir='ltr'>placet.</span> 
     </span>
    </p>

    <p class='ocr_par' dir='ltr' id='par_1_8' title="bbox 231 1445 1574 1497">
     <span class='ocr_line' id='line_1_22' title="bbox 231 1445 1574 1497; baseline -0.001 -12"><span class='ocrx_word' id='word_1_158' title='bbox 231 1449 273 1486; x_wconf 92' lang='lat' dir='ltr'>P.</span> <span class='ocrx_word' id='word_1_159' title='bbox 306 1449 367 1485; x_wconf 91' lang='lat' dir='ltr'>Ac</span> <span class='ocrx_word' id='word_1_160' title='bbox 400 1446 589 1486; x_wconf 90' lang='lat' dir='ltr'>laudandi</span> <span class='ocrx_word' id='word_1_161' title='bbox 621 1445 950 1497; x_wconf 87' lang='lat' dir='ltr'>vituperandique</span> <span class='ocrx_word' id='word_1_162' title='bbox 986 1446 1168 1494; x_wconf 91' lang='lat' dir='ltr'>rationes,</span> <span class='ocrx_word' id='word_1_163' title='bbox 1202 1460 1303 1497; x_wconf 91' lang='lat' dir='ltr'>quae</span> <span class='ocrx_word' id='word_1_164' title='bbox 1341 1460 1423 1486; x_wconf 90' lang='lat' dir='ltr'>non</span> <span class='ocrx_word' id='word_1_165' title='bbox 1460 1447 1511 1486; x_wconf 94' lang='lat' dir='ltr'>ad</span> <span class='ocrx_word' id='word_1_166' title='bbox 1530 1455 1574 1483; x_wconf 92' lang='lat'>21</span> 
     </span>
    </p>

    <p class='ocr_par' dir='ltr' id='par_1_9' title="bbox 118 1512 1570 1824">
     <span class='ocr_line' id='line_1_23' title="bbox 118 1512 1510 1552; baseline 0.001 -3"><span class='ocrx_word' id='word_1_167' title='bbox 118 1526 159 1549; x_wconf 81' lang='lat'>20</span> <span class='ocrx_word' id='word_1_168' title='bbox 177 1512 279 1552; x_wconf 90' lang='lat' dir='ltr'>bene</span> <span class='ocrx_word' id='word_1_169' title='bbox 316 1512 532 1551; x_wconf 86' lang='lat' dir='ltr'>dicendum</span> <span class='ocrx_word' id='word_1_170' title='bbox 570 1513 698 1551; x_wconf 91' lang='lat' dir='ltr'>solum</span> <span class='ocrx_word' id='word_1_171' title='bbox 736 1513 806 1551; x_wconf 90' lang='lat' dir='ltr'>sed</span> <span class='ocrx_word' id='word_1_172' title='bbox 851 1512 969 1551; x_wconf 92' lang='lat' dir='ltr'>etiam</span> <span class='ocrx_word' id='word_1_173' title='bbox 1006 1513 1058 1551; x_wconf 89' lang='lat' dir='ltr'>ad</span> <span class='ocrx_word' id='word_1_174' title='bbox 1096 1513 1262 1551; x_wconf 89' lang='lat' dir='ltr'>honeste</span> <span class='ocrx_word' id='word_1_175' title='bbox 1298 1512 1510 1550; x_wconf 87' lang='lat' dir='ltr'>vivendum</span> 
     </span>
     <span class='ocr_line' id='line_1_24' title="bbox 175 1577 1514 1628; baseline 0 -12"><span class='ocrx_word' id='word_1_176' title='bbox 175 1579 316 1625; x_wconf 86' lang='lat' dir='ltr'>valent,</span> <span class='ocrx_word' id='word_1_177' title='bbox 357 1591 552 1628; x_wconf 87' lang='lat' dir='ltr'>exponam</span> <span class='ocrx_word' id='word_1_178' title='bbox 591 1577 759 1617; x_wconf 88' lang='lat' dir='ltr'>breviter</span> <span class='ocrx_word' id='word_1_179' title='bbox 798 1585 918 1628; x_wconf 90' lang='lat' dir='ltr'>atque</span> <span class='ocrx_word' id='word_1_180' title='bbox 954 1591 978 1617; x_wconf 90' lang='lat' dir='ltr'>a</span> <span class='ocrx_word' id='word_1_181' title='bbox 1014 1577 1215 1628; x_wconf 91' lang='lat' dir='ltr'>principiis</span> <span class='ocrx_word' id='word_1_182' title='bbox 1252 1577 1431 1617; x_wconf 87' lang='lat' dir='ltr'>exordiar</span> <span class='ocrx_word' id='word_1_183' title='bbox 1474 1585 1514 1616; x_wconf 91' lang='lat' dir='ltr'>et</span> 
     </span>
     <span class='ocr_line' id='line_1_25' title="bbox 176 1642 1570 1695; baseline 0.001 -13"><span class='ocrx_word' id='word_1_184' title='bbox 176 1643 365 1683; x_wconf 91' lang='lat' dir='ltr'>laudandi</span> <span class='ocrx_word' id='word_1_185' title='bbox 398 1650 437 1682; x_wconf 89' lang='lat' dir='ltr'>et</span> <span class='ocrx_word' id='word_1_186' title='bbox 465 1642 724 1692; x_wconf 89' lang='lat' dir='ltr'>vituperandi.</span> <span class='ocrx_word' id='word_1_187' title='bbox 783 1642 931 1682; x_wconf 90' lang='lat' dir='ltr'>Omnia</span> <span class='ocrx_word' id='word_1_188' title='bbox 960 1642 1067 1682; x_wconf 89' lang='lat' dir='ltr'>enim</span> <span class='ocrx_word' id='word_1_189' title='bbox 1099 1649 1191 1681; x_wconf 89' lang='lat' dir='ltr'>sunt</span> <span class='ocrx_word' id='word_1_190' title='bbox 1224 1644 1401 1693; x_wconf 90' lang='lat' dir='ltr'>profecto</span> <span class='ocrx_word' id='word_1_191' title='bbox 1434 1644 1513 1681; x_wconf 87' lang='lat' dir='ltr'>lau·</span> <span class='ocrx_word' id='word_1_192' title='bbox 1532 1660 1570 1695; x_wconf 81' lang='lat'>7¹</span> 
     </span>
     <span class='ocr_line' id='line_1_26' title="bbox 176 1707 1512 1758; baseline -0.001 -10"><span class='ocrx_word' id='word_1_193' title='bbox 176 1709 310 1748; x_wconf 89' lang='lat' dir='ltr'>danda</span> <span class='ocrx_word' id='word_1_194' title='bbox 333 1721 435 1758; x_wconf 90' lang='lat' dir='ltr'>quae</span> <span class='ocrx_word' id='word_1_195' title='bbox 460 1707 674 1747; x_wconf 89' lang='lat' dir='ltr'>coniuncta</span> <span class='ocrx_word' id='word_1_196' title='bbox 699 1721 790 1746; x_wconf 90' lang='lat' dir='ltr'>cum</span> <span class='ocrx_word' id='word_1_197' title='bbox 811 1707 952 1747; x_wconf 88' lang='lat' dir='ltr'>virtute</span> <span class='ocrx_word' id='word_1_198' title='bbox 979 1715 1080 1756; x_wconf 90' lang='lat' dir='ltr'>sunt,</span> <span class='ocrx_word' id='word_1_199' title='bbox 1103 1715 1143 1747; x_wconf 91' lang='lat' dir='ltr'>et</span> <span class='ocrx_word' id='word_1_200' title='bbox 1171 1721 1272 1758; x_wconf 91' lang='lat' dir='ltr'>quae</span> <span class='ocrx_word' id='word_1_201' title='bbox 1298 1721 1390 1746; x_wconf 91' lang='lat' dir='ltr'>cum</span> <span class='ocrx_word' id='word_1_202' title='bbox 1409 1707 1512 1747; x_wconf 88' lang='lat' dir='ltr'>vitiis</span> 
     </span>
     <span class='ocr_line' id='line_1_27' title="bbox 176 1772 1512 1824; baseline -0.001 -12"><span class='ocrx_word' id='word_1_203' title='bbox 176 1774 445 1824; x_wconf 89' lang='lat' dir='ltr'>vituperanda.</span> <span class='ocrx_word' id='word_1_204' title='bbox 523 1774 655 1822; x_wconf 88' lang='lat' dir='ltr'>Quam</span> <span class='ocrx_word' id='word_1_205' title='bbox 694 1773 747 1812; x_wconf 93' lang='lat' dir='ltr'>ob</span> <span class='ocrx_word' id='word_1_206' title='bbox 785 1786 867 1812; x_wconf 89' lang='lat' dir='ltr'>rem</span> <span class='ocrx_word' id='word_1_207' title='bbox 907 1772 996 1811; x_wconf 87' lang='lat' dir='ltr'>finis</span> <span class='ocrx_word' id='word_1_208' title='bbox 1033 1773 1191 1812; x_wconf 89' lang='lat' dir='ltr'>alterius</span> <span class='ocrx_word' id='word_1_209' title='bbox 1229 1780 1288 1812; x_wconf 90' lang='lat' dir='ltr'>est</span> <span class='ocrx_word' id='word_1_210' title='bbox 1325 1774 1512 1812; x_wconf 90' lang='lat' dir='ltr'>honestas</span> 
     </span>
    </p>

    <p class='ocr_par' dir='ltr' id='par_1_10' title="bbox 119 1837 1514 2150">
     <span class='ocr_line' id='line_1_28' title="bbox 119 1837 1512 1889; baseline -0.001 -11"><span class='ocrx_word' id='word_1_211' title='bbox 119 1851 157 1885; x_wconf 87' lang='lat'>25</span> <span class='ocrx_word' id='word_1_212' title='bbox 175 1838 334 1878; x_wconf 89' lang='lat' dir='ltr'>alterius</span> <span class='ocrx_word' id='word_1_213' title='bbox 363 1838 577 1888; x_wconf 88' lang='lat' dir='ltr'>turpitudo.</span> <span class='ocrx_word' id='word_1_214' title='bbox 635 1837 855 1878; x_wconf 87' lang='lat' dir='ltr'>Conficitur</span> <span class='ocrx_word' id='word_1_215' title='bbox 886 1846 1019 1877; x_wconf 89' lang='lat' dir='ltr'>autem</span> <span class='ocrx_word' id='word_1_216' title='bbox 1051 1851 1175 1889; x_wconf 89' lang='lat' dir='ltr'>genus</span> <span class='ocrx_word' id='word_1_217' title='bbox 1213 1839 1290 1877; x_wconf 90' lang='lat' dir='ltr'>hoc</span> <span class='ocrx_word' id='word_1_218' title='bbox 1327 1837 1512 1878; x_wconf 89' lang='lat' dir='ltr'>dictionis</span> 
     </span>
     <span class='ocr_line' id='line_1_29' title="bbox 175 1902 1514 1954; baseline -0.001 -11"><span class='ocrx_word' id='word_1_219' title='bbox 175 1904 378 1944; x_wconf 84' lang='lat' dir='ltr'>narrandis</span> <span class='ocrx_word' id='word_1_220' title='bbox 407 1902 732 1954; x_wconf 87' lang='lat' dir='ltr'>exponendisque</span> <span class='ocrx_word' id='word_1_221' title='bbox 761 1902 882 1950; x_wconf 86' lang='lat' dir='ltr'>factis,</span> <span class='ocrx_word' id='word_1_222' title='bbox 906 1904 1016 1954; x_wconf 92' lang='lat' dir='ltr'>quod</span> <span class='ocrx_word' id='word_1_223' title='bbox 1045 1903 1129 1942; x_wconf 91' lang='lat' dir='ltr'>sine</span> <span class='ocrx_word' id='word_1_224' title='bbox 1156 1903 1243 1942; x_wconf 90' lang='lat' dir='ltr'>ullis</span> <span class='ocrx_word' id='word_1_225' title='bbox 1269 1910 1514 1954; x_wconf 86' lang='lat' dir='ltr'>argumenta-</span> 
     </span>
     <span class='ocr_line' id='line_1_30' title="bbox 175 1968 1511 2020; baseline -0.001 -10"><span class='ocrx_word' id='word_1_226' title='bbox 175 1970 349 2010; x_wconf 89' lang='lat' dir='ltr'>tionibus</span> <span class='ocrx_word' id='word_1_227' title='bbox 387 1970 438 2008; x_wconf 91' lang='lat' dir='ltr'>ad</span> <span class='ocrx_word' id='word_1_228' title='bbox 475 1968 598 2008; x_wconf 87' lang='lat' dir='ltr'>animi</span> <span class='ocrx_word' id='word_1_229' title='bbox 631 1976 762 2007; x_wconf 90' lang='lat' dir='ltr'>motus</span> <span class='ocrx_word' id='word_1_230' title='bbox 795 1968 934 2008; x_wconf 89' lang='lat' dir='ltr'>leniter</span> <span class='ocrx_word' id='word_1_231' title='bbox 970 1970 1196 2008; x_wconf 87' lang='lat' dir='ltr'>tractandos</span> <span class='ocrx_word' id='word_1_232' title='bbox 1230 1968 1353 2019; x_wconf 88' lang='lat' dir='ltr'>magis</span> <span class='ocrx_word' id='word_1_233' title='bbox 1392 1982 1511 2020; x_wconf 89' lang='lat' dir='ltr'>quam</span> 
     </span>
     <span class='ocr_line' id='line_1_31' title="bbox 175 2034 1512 2075; baseline -0.001 -1"><span class='ocrx_word' id='word_1_234' title='bbox 175 2037 227 2075; x_wconf 87' lang='lat' dir='ltr'>ad</span> <span class='ocrx_word' id='word_1_235' title='bbox 242 2036 361 2074; x_wconf 91' lang='lat' dir='ltr'>fidem</span> <span class='ocrx_word' id='word_1_236' title='bbox 383 2034 605 2074; x_wconf 87' lang='lat' dir='ltr'>faciendam</span> <span class='ocrx_word' id='word_1_237' title='bbox 626 2042 694 2073; x_wconf 89' lang='lat' dir='ltr'>aut</span> <span class='ocrx_word' id='word_1_238' title='bbox 708 2035 1022 2073; x_wconf 87' lang='lat' dir='ltr'>confirmandam</span> <span class='ocrx_word' id='word_1_239' title='bbox 1041 2036 1376 2074; x_wconf 86' lang='lat' dir='ltr'>accommodatur.</span> <span class='ocrx_word' id='word_1_240' title='bbox 1418 2037 1512 2074; x_wconf 91' lang='lat' dir='ltr'>Non</span> 
     </span>
     <span class='ocr_line' id='line_1_32' title="bbox 177 2100 1512 2150; baseline -0.001 -10"><span class='ocrx_word' id='word_1_241' title='bbox 177 2101 282 2141; x_wconf 86' lang='lat' dir='ltr'>enim</span> <span class='ocrx_word' id='word_1_242' title='bbox 314 2100 437 2140; x_wconf 88' lang='lat' dir='ltr'>dubia</span> <span class='ocrx_word' id='word_1_243' title='bbox 474 2101 686 2146; x_wconf 90' lang='lat' dir='ltr'>firmantur,</span> <span class='ocrx_word' id='word_1_244' title='bbox 720 2100 791 2138; x_wconf 88' lang='lat' dir='ltr'>sed</span> <span class='ocrx_word' id='word_1_245' title='bbox 824 2113 871 2138; x_wconf 87' lang='lat' dir='ltr'>ea</span> <span class='ocrx_word' id='word_1_246' title='bbox 903 2113 1005 2150; x_wconf 87' lang='lat' dir='ltr'>quae</span> <span class='ocrx_word' id='word_1_247' title='bbox 1042 2107 1148 2139; x_wconf 90' lang='lat' dir='ltr'>certa</span> <span class='ocrx_word' id='word_1_248' title='bbox 1183 2107 1251 2138; x_wconf 91' lang='lat' dir='ltr'>aut</span> <span class='ocrx_word' id='word_1_249' title='bbox 1289 2113 1359 2150; x_wconf 93' lang='lat' dir='ltr'>pro</span> <span class='ocrx_word' id='word_1_250' title='bbox 1397 2100 1512 2140; x_wconf 91' lang='lat' dir='ltr'>certis</span> 
     </span>
    </p>

    <p class='ocr_par' dir='ltr' id='par_1_11' title="bbox 118 2165 1571 2348">
     <span class='ocr_line' id='line_1_33' title="bbox 118 2165 1513 2220; baseline 0 -15"><span class='ocrx_word' id='word_1_251' title='bbox 118 2187 160 2220; x_wconf 79' lang='lat'>30</span> <span class='ocrx_word' id='word_1_252' title='bbox 178 2166 306 2218; x_wconf 88' lang='lat' dir='ltr'>posita</span> <span class='ocrx_word' id='word_1_253' title='bbox 335 2173 427 2204; x_wconf 92' lang='lat' dir='ltr'>sunt</span> <span class='ocrx_word' id='word_1_254' title='bbox 459 2172 662 2215; x_wconf 88' lang='lat' dir='ltr'>augentur.</span> <span class='ocrx_word' id='word_1_255' title='bbox 721 2165 854 2214; x_wconf 88' lang='lat' dir='ltr'>Quam</span> <span class='ocrx_word' id='word_1_256' title='bbox 892 2165 945 2204; x_wconf 92' lang='lat' dir='ltr'>ob</span> <span class='ocrx_word' id='word_1_257' title='bbox 983 2178 1065 2204; x_wconf 91' lang='lat' dir='ltr'>rem</span> <span class='ocrx_word' id='word_1_258' title='bbox 1103 2178 1151 2204; x_wconf 90' lang='lat' dir='ltr'>ex</span> <span class='ocrx_word' id='word_1_259' title='bbox 1188 2165 1244 2204; x_wconf 86' lang='lat' dir='ltr'>eis</span> <span class='ocrx_word' id='word_1_260' title='bbox 1282 2179 1384 2216; x_wconf 91' lang='lat' dir='ltr'>quae</span> <span class='ocrx_word' id='word_1_261' title='bbox 1420 2174 1513 2205; x_wconf 90' lang='lat' dir='ltr'>ante</span> 
     </span>
     <span class='ocr_line' id='line_1_34' title="bbox 177 2229 1510 2281; baseline -0.001 -10"><span class='ocrx_word' id='word_1_262' title='bbox 177 2231 284 2271; x_wconf 89' lang='lat' dir='ltr'>dicta</span> <span class='ocrx_word' id='word_1_263' title='bbox 319 2238 412 2270; x_wconf 90' lang='lat' dir='ltr'>sunt</span> <span class='ocrx_word' id='word_1_264' title='bbox 448 2237 487 2269; x_wconf 87' lang='lat' dir='ltr'>et</span> <span class='ocrx_word' id='word_1_265' title='bbox 525 2229 708 2268; x_wconf 90' lang='lat' dir='ltr'>narrandi</span> <span class='ocrx_word' id='word_1_266' title='bbox 746 2237 784 2269; x_wconf 91' lang='lat' dir='ltr'>et</span> <span class='ocrx_word' id='word_1_267' title='bbox 821 2230 992 2281; x_wconf 90' lang='lat' dir='ltr'>augendi</span> <span class='ocrx_word' id='word_1_268' title='bbox 1029 2238 1239 2281; x_wconf 85' lang='lat' dir='ltr'>praecepta</span> <span class='ocrx_word' id='word_1_269' title='bbox 1275 2238 1510 2281; x_wconf 89' lang='lat' dir='ltr'>repetentur.</span> 
     </span>
     <span class='ocr_line' id='line_1_35' title="bbox 178 2294 1571 2348; baseline 0 -12"><span class='ocrx_word' id='word_1_270' title='bbox 178 2298 229 2336; x_wconf 92' lang='lat' dir='ltr'>Et</span> <span class='ocrx_word' id='word_1_271' title='bbox 259 2295 447 2348; x_wconf 90' lang='lat' dir='ltr'>quoniam</span> <span class='ocrx_word' id='word_1_272' title='bbox 478 2295 519 2334; x_wconf 90' lang='lat' dir='ltr'>in</span> <span class='ocrx_word' id='word_1_273' title='bbox 552 2294 612 2334; x_wconf 90' lang='lat' dir='ltr'>his</span> <span class='ocrx_word' id='word_1_274' title='bbox 640 2294 769 2334; x_wconf 85' lang='lat' dir='ltr'>causis</span> <span class='ocrx_word' id='word_1_275' title='bbox 798 2294 928 2334; x_wconf 89' lang='lat' dir='ltr'>omnis</span> <span class='ocrx_word' id='word_1_276' title='bbox 956 2294 1054 2334; x_wconf 88' lang='lat' dir='ltr'>ratio</span> <span class='ocrx_word' id='word_1_277' title='bbox 1082 2296 1162 2334; x_wconf 91' lang='lat' dir='ltr'>fere</span> <span class='ocrx_word' id='word_1_278' title='bbox 1189 2296 1241 2335; x_wconf 89' lang='lat' dir='ltr'>ad</span> <span class='ocrx_word' id='word_1_279' title='bbox 1269 2296 1513 2346; x_wconf 89' lang='lat' dir='ltr'>voluptatem</span> <span class='ocrx_word' id='word_1_280' title='bbox 1535 2307 1571 2340; x_wconf 87' lang='lat'>72</span> 
     </span>
    </p>
   </div>
   <div class='ocr_carea' id='block_1_5' title="bbox 335 2397 1358 2440">
    <p class='ocr_par' dir='ltr' id='par_1_12' title="bbox 335 2397 1358 2440">
     <span class='ocr_line' id='line_1_36' title="bbox 335 2397 1358 2440; baseline 0.001 -9"><span class='ocrx_word' id='word_1_281' title='bbox 335 2409 356 2440; x_wconf 86' lang='lat'>3</span> <span class='ocrx_word' id='word_1_282' title='bbox 378 2399 484 2431; x_wconf 86' lang='lat' dir='ltr'>altera</span> <span class='ocrx_word' id='word_1_283' title='bbox 501 2423 509 2432; x_wconf 89' lang='lat'>.</span> <span class='ocrx_word' id='word_1_284' title='bbox 525 2423 533 2431; x_wconf 95' lang='lat'>.</span> <span class='ocrx_word' id='word_1_285' title='bbox 552 2423 559 2431; x_wconf 95' lang='lat'>.</span> <span class='ocrx_word' id='word_1_286' title='bbox 579 2399 710 2430; x_wconf 81' lang='lat' dir='ltr'>aurium</span> <span class='ocrx_word' id='word_1_287' title='bbox 727 2409 793 2430; x_wconf 88' lang='lat' dir='ltr'>om.</span> <span class='ocrx_word' id='word_1_288' title='bbox 816 2397 850 2429; x_wconf 82' lang='lat' dir='ltr'><em>P</em></span> <span class='ocrx_word' id='word_1_289' title='bbox 976 2409 996 2439; x_wconf 83' lang='lat'>4</span> <span class='ocrx_word' id='word_1_290' title='bbox 1020 2397 1160 2430; x_wconf 85' lang='lat' dir='ltr'>alterius</span> <span class='ocrx_word' id='word_1_291' title='bbox 1175 2397 1263 2430; x_wconf 85' lang='lat' dir='ltr'>codd.</span> <span class='ocrx_word' id='word_1_292' title='bbox 1283 2397 1358 2432; x_wconf 77' lang='lat' dir='ltr'>dett.</span> 
     </span>
    </p>
   </div>
  </div>
 </body>
</html>
