1696 2730
657 149 894 189 ORATOR
1031 177 1033 179 v
1077 142 1081 144 ’
1380 157 1442 198 -45
1462 167 1519 201 152

106 261 161 298 At
181 259 334 298 Ennius
353 273 471 310 saepe

215 324 348 376 Scipio
366 324 526 373 invicte,

108 397 147 430 et
166 391 289 429 semel
308 389 471 440 quidem
491 403 564 429 nos
580 405 587 428 :
623 422 625 424 .

216 457 294 494 hoc
323 463 434 494 motu
462 454 650 494 radiantis
678 455 823 494 etesiae
851 455 892 494 in
920 457 1023 495 vada
1050 455 1173 507 ponti.

70 531 87 563 5
111 522 204 560 Hoc
224 520 330 559 idem
351 520 474 560 nostri
493 520 648 571 saepius
668 534 750 560 non
776 520 967 569 tulissent,
990 523 1100 572 quod
1121 521 1262 561 Graeci
1281 523 1442 561 laudare
1464 537 1500 570 15
1507 537 1525 567 3

109 585 228 626 etiam
248 587 386 625 solent.
445 587 524 625 Sed
545 585 642 636 quid
661 599 735 636 ego
754 586 901 626 vocalis
917 588 934 625 Ρ
989 586 1082 626 Sine
1101 586 1304 626 vocalibus
1325 600 1444 638 saepe

109 650 309 691 brevitatis
329 665 448 690 causa
467 651 767 700 contrahebant,
787 659 830 690 ut
849 651 904 690 ita
923 651 1100 691 dicerent
1119 667 1126 691 :
1155 652 1279 691 multi'
1301 652 1441 701 modis,

109 715 151 754 in
174 718 252 755 vas'
274 716 482 767 argenteis,
510 716 642 767 palmi'
665 715 853 765 crinibus,
879 716 983 756 tecti'
1011 717 1152 756 fractis.
1213 717 1323 767 Quid
1351 731 1444 757 vero

110 781 292 820 licentius
330 795 448 832 quam
488 782 597 832 quod
635 781 845 821 hominum
883 781 1002 821 etiam
1040 782 1204 822 nomina
1241 784 1446 822 contrahe-

54 859 94 882 ιο
112 847 220 894 bant,
255 860 336 897 quo
369 855 500 886 essent
532 846 714 898 aptiora?
755 860 849 886 nam
887 855 930 886 ut
958 848 1141 896 >duellum
1174 848 1335 895 bellum,
1371 846 1443 901 [et]

111 911 200 951 duis
230 912 302 959 bis,
329 911 384 950 sic
406 911 608 951 Duellium
638 926 730 951 eum
759 912 827 962 qui
855 914 1011 952 Poenos
1041 915 1165 952 classe
1194 913 1340 952 devicit
1361 914 1445 952 Bel-

111 977 207 1016 lium
228 976 543 1025 nominaverunt,
565 990 656 1016 cum
680 977 899 1028 superiores
924 978 1111 1029 appellati
1137 986 1268 1018 essent
1291 992 1447 1029 semper

113 1042 271 1082 Duellii.
330 1042 439 1092 Quin
473 1042 591 1081 etiam
625 1043 744 1082 verba
774 1056 892 1094 saepe
925 1046 1211 1083 contrahuntur
1240 1057 1323 1083 non
1351 1057 1446 1083 usus

113 1121 231 1147 causa
250 1109 321 1147 sed
340 1107 505 1146 aurium.
556 1109 649 1157 Quo
670 1109 791 1147 modo
812 1108 918 1148 enim
934 1117 1062 1148 vester
1077 1109 1206 1148 Axilla
1226 1111 1302 1148 Ala
1320 1110 1446 1148 factus

13 1214 20 1225 «.
55 1187 94 1221 15
113 1180 173 1212 est
188 1172 262 1211 nisi
282 1174 373 1223 fuga
388 1172 538 1211 litterae
549 1172 758 1212 vastioris?
786 1187 905 1223 quam
922 1173 1090 1213 litteram
1107 1174 1226 1213 etiam
1242 1188 1264 1213 e
1280 1173 1447 1213 maxillis

113 1246 152 1277 et
171 1237 312 1277 taxillis
333 1245 371 1277 et
390 1238 534 1289 paxillo
555 1246 594 1277 et
612 1238 754 1277 vexillo
774 1240 1024 1278 consuetudo
1044 1241 1201 1290 elegans
1223 1238 1353 1278 Latini
1374 1252 1448 1278 ser-

113 1303 242 1343 monis
262 1303 402 1342 evellit.
471 1303 659 1342 Libenter
678 1303 797 1342 etiam
823 1305 1051 1354 copulando
1070 1305 1190 1344 verba
1218 1304 1448 1355 iungebant,
1468 1324 1526 1356 154

112 1375 156 1407 ut
175 1369 292 1407 sodes
312 1381 383 1419 pro
403 1366 435 1406 si
455 1368 591 1416 audes,
611 1367 663 1406 sis
683 1381 754 1418 pro
774 1367 806 1406 si
826 1368 894 1407 vis.
955 1370 1042 1407 Iam
1066 1368 1105 1407 in
1127 1382 1208 1408 uno
1228 1368 1355 1420 capsis
1376 1368 1449 1408 tria

19 1483 33 1492 t
114 1433 241 1472 verba'
262 1440 363 1471 sunt.
422 1431 501 1471 Ain
530 1446 601 1483 pro
629 1432 750 1481 aisne,
780 1433 944 1484 nequire
972 1447 1044 1485 pro
1072 1447 1154 1472 non
1183 1433 1304 1485 quire,
1331 1435 1448 1473 malle

56 1515 98 1539 20
115 1511 188 1549 pro
218 1498 339 1549 magis
367 1499 482 1547 velle,
506 1499 612 1537 nolle
640 1511 711 1548 pro
740 1512 822 1537 non
851 1500 962 1546 velle,
993 1499 1086 1539 dein
1116 1499 1234 1538 etiam
1264 1513 1382 1550 saepe
1411 1507 1450 1538 et

17 1554 19 1560 ¹
115 1563 205 1603 exin
234 1577 305 1614 pro
333 1563 480 1602 deinde
509 1570 548 1602 et
576 1577 647 1614 pro
676 1563 820 1603 exinde
848 1563 1028 1603 dicimus.
1089 1564 1210 1614 Quid,
1240 1564 1339 1603 illud
1368 1578 1450 1603 non

115 1630 195 1668 olet
215 1629 323 1668 unde
342 1628 404 1676 sit,
424 1629 534 1679 quod
560 1628 704 1667 dicitur
726 1642 818 1668 curn
839 1628 925 1677 illis,
947 1643 1039 1668 cum
1065 1637 1199 1668 autem
1226 1629 1341 1669 nobis
1368 1643 1451 1668 non

114 1694 267 1740 dicitur,
300 1694 371 1732 sed
409 1693 651 1732 nobiscum?
697 1694 791 1744 quia
827 1694 859 1732 si
890 1694 945 1733 ita
973 1695 1178 1742 diceretur,
1215 1694 1451 1734 obscaenius

116 1766 395 1798 concurrerent
427 1758 588 1806 litterae,
619 1766 662 1798 ut
695 1759 814 1798 etiam
850 1761 983 1808 modo,
1017 1759 1092 1798 nisi
1119 1767 1253 1799 autem
1282 1759 1452 1811 interpo-

56 1839 98 1872 ²5
117 1823 294 1871 suissem,
326 1823 625 1863 concurrissent.
686 1826 746 1863 Ex
774 1839 822 1864 eo
851 1832 911 1864 est
940 1838 1096 1864 mecum
1126 1832 1164 1864 et
1194 1832 1338 1872 tecum,
1368 1838 1452 1864 non

116 1902 208 1929 cum
243 1902 306 1928 me
337 1895 375 1927 et
408 1902 500 1927 cum
534 1896 583 1936 te,
616 1895 659 1927 ut
691 1896 793 1928 esset
826 1889 952 1928 simile
985 1888 1059 1928 illis
1088 1889 1298 1928 nobiscum
1331 1897 1451 1940 atque

115 1954 333 1994 vobiscum.

171 2022 304 2070 Atque
324 2019 442 2058 etiam
462 2033 486 2058 a
505 2018 744 2070 quibusdam
765 2033 852 2059 sero
871 2019 950 2058 iam
970 2020 1204 2059 emendatur
1221 2019 1449 2071 antiquitas,
1465 2003 1523 2049 46
1556 2035 1558 2037 ·

118 2085 185 2136 qui
215 2086 313 2124 haec
341 2086 645 2135 reprehendunt.
705 2086 809 2123 Nam
840 2098 912 2136 pro
940 2086 1061 2124 deum
1091 2093 1210 2136 atque
1241 2085 1450 2125 hominum
1471 2072 1532 2104 ¹⁵5

58 2165 102 2199 30
120 2151 239 2189 fidem
273 2151 439 2189 deorum
473 2149 593 2188 aiunt.
654 2151 716 2188 Ita
753 2151 872 2189 credo
905 2151 983 2190 hoc
1015 2150 1071 2189 illi
1105 2151 1361 2190 nesciebant:
1399 2164 1452 2190 an

164 2264 178 2285 1
204 2264 308 2294 saepe
325 2253 357 2284 A
377 2264 385 2285 z
408 2254 515 2284 semel
532 2252 562 2283 L
727 2263 747 2293 3
772 2258 805 2284 et
821 2252 927 2284 semel
945 2253 1080 2294 quidem
1098 2263 1160 2284 nos
1182 2253 1392 2295 Heerdegen:
1417 2258 1451 2285 et

117 2298 253 2338 quidem
272 2307 334 2328 nos
350 2297 415 2328 AL
431 2308 439 2328 ε
462 2302 497 2328 et
512 2297 649 2337 quidem
668 2307 732 2328 nos
748 2297 856 2328 semel
868 2297 976 2338 Bergk
990 2309 997 2328 :
1021 2302 1123 2337 atque
1140 2297 1219 2328 item
1238 2307 1299 2328 nos
1315 2297 1453 2338 Seyffert

117 2341 139 2373 8
161 2341 194 2381 in
211 2342 279 2372 vas'
295 2339 482 2381 Heerdegen
498 2353 505 2372 ε
528 2346 624 2372 etuas
642 2341 675 2372 A
692 2352 700 2372 ι
724 2351 819 2372 muas
837 2339 866 2370 L
941 2339 1054 2381 palmi‘
1070 2340 1225 2371 Ribbeck:
1250 2341 1376 2381 palmet
1392 2341 1426 2372 A
1442 2351 1450 2372 ε

118 2383 279 2425 palma'et
297 2384 323 2415 L
414 2394 454 2415 10
477 2389 512 2415 et
527 2395 595 2416 om.
609 2384 643 2414 A
738 2386 776 2414 16
793 2384 919 2415 taxillis
934 2384 988 2415 A:
1010 2383 1162 2416 axillisL
1253 2385 1380 2424 paxillo
1392 2384 1451 2417 vA}

118 2427 308 2470 pauxilloL
426 2429 468 2459 26
492 2428 667 2460 vobiscum
684 2433 718 2459 et
734 2427 911 2459 nobiscum
927 2427 994 2459 AL
1012 2438 1020 2459 :
1042 2431 1249 2460 correxerunt
1262 2427 1345 2460 Itali
