1696 2730
149 128 205 182 '2’9

145 516 203 539 101

146 1108 208 1130 102

227 147 288 173 100
584 133 642 171 M.
682 133 853 174 TVLLI
893 132 1203 174 CICERONIS

224 237 403 287 profecto
432 245 491 276 est
518 237 583 277 ille
613 239 815 289 eloquens,
838 250 958 288 quem
987 250 1207 288 numquam
1231 236 1330 276 vidit
1350 235 1561 276 Antonius.

226 302 327 351 Quis
361 311 421 342 est
448 302 564 354 igitur
592 302 657 342 is?
713 303 969 354 Complectar
997 302 1116 350 brevi,
1148 302 1338 342 disseram
1371 302 1562 353 pluribus.

227 368 267 406 Is
306 376 365 407 est
403 368 509 407 enim
548 369 751 419 eloquens,
793 368 861 419 qui
899 375 938 407 et
975 368 1141 407 humilia
1179 368 1374 407 subtiliter
1410 375 1450 407 et
1486 369 1566 407 alta

224 433 391 484 graviter
421 442 459 473 et
493 433 709 473 mediocria
739 441 956 484 temperate
989 441 1120 484 potest
1153 433 1296 473 dicere.
1355 435 1488 473 Nemo
1519 432 1563 481 is,

225 499 391 550 inquies,
427 513 619 550 umquam
650 499 733 538 fuit.
794 500 856 538 Ne
890 499 1016 538 suerit.
1076 501 1163 550 Ego
1196 498 1303 538 enirn
1336 498 1433 550 quid
1467 498 1567 538 desi·
1585 516 1603 549 5

225 566 469 614 derern,non
490 564 588 615 quid
607 564 774 604 viderim
795 564 956 616 disputo
976 565 1177 615 redeoque
1196 566 1248 604 ad
1268 564 1375 603 illam
1389 564 1566 603 Platonis

225 632 276 671 de
307 643 385 681 qua
415 629 590 669 dixeram
624 629 679 669 rei
717 630 885 669 formam
919 637 958 669 et
992 629 1177 681 speciem,
1214 643 1335 681 quam
1373 629 1446 668 etsi
1483 643 1567 668 non

225 696 437 745 cernimus,
463 704 596 735 tamen
625 695 760 735 animo
787 703 921 735 tenere
946 709 1169 746 possumus.
1230 697 1324 734 Non
1353 694 1460 734 enim
1490 696 1568 734 elo-

225 769 414 812 quentem
436 775 583 812 quaero
609 774 741 811 neque
765 760 978 812 quicquam
1007 762 1172 800 mortale
1199 767 1238 799 et
1263 761 1472 807 caducum,
1495 761 1566 799 sed

224 827 322 866 illud
343 827 485 878 ipsum,
508 827 620 866 cuius
641 826 709 877 qui
729 826 778 865 sit
805 840 982 877 compos,
1006 826 1055 865 sit
1081 828 1299 877 eloquens;
1337 827 1447 877 quod
1467 825 1567 864 nihil
1588 841 1628 864 ιο

226 901 284 932 θεῖ
303 893 411 933 aliud
432 893 507 932 nisi
527 891 756 943 eloquentia
776 892 872 943 ipsa,
896 905 1015 942 quam
1043 892 1161 931 nullis
1182 891 1257 931 nisi
1278 891 1421 931 mentis
1441 891 1567 931 oculis

226 959 359 998 videre
388 972 612 1009 possumus.
685 960 726 997 Is
757 958 830 997 erit
860 957 977 1008 igitur
1014 959 1218 1008 eloquens,
1251 965 1295 996 ut
1327 956 1436 996 idem
1469 956 1567 996 illud

226 1024 426 1073 iteremus,
457 1024 524 1074 qui
558 1023 703 1075 poterit
735 1037 854 1074 parva
887 1023 1111 1072 summisse,
1145 1023 1305 1063 modica
1338 1030 1565 1074 temperate,

227 1104 372 1141 magna
401 1090 567 1142 graviter
597 1089 740 1129 dicere.
799 1091 904 1128 Tota
934 1089 1031 1128 mihi
1061 1103 1181 1128 causa
1213 1103 1284 1140 pro
1314 1088 1488 1132 Caecina
1517 1090 1568 1128 de

226 1156 355 1195 verbis
386 1155 585 1195 interdicti
623 1154 722 1194 fuit:
765 1169 826 1194 res
859 1154 1055 1194 involutas
1094 1154 1326 1194 definiendo
1363 1153 1569 1205 explicavi-
1590 1168 1633 1200 ¹5.

227 1236 326 1269 mus,
367 1221 427 1261 ius
465 1221 579 1260 civile
617 1220 876 1268 laudavimus,
916 1221 1036 1259 verba
1079 1220 1267 1271 ambigua
1303 1219 1565 1261 distinximus.

229 1287 319 1326 Fuit
348 1288 550 1326 ornandus
579 1286 619 1324 in
652 1285 818 1325 Manilia
846 1287 932 1337 lege
963 1285 1202 1337 Pompeius:
1240 1276 1459 1337 temperata
1487 1298 1570 1324 ora—

228 1353 336 1392 tione
370 1352 538 1392 ornandi
572 1351 729 1402 copiam
767 1351 964 1402 persecuti
997 1365 1144 1390 sumus.
1219 1353 1287 1390 Ius
1325 1364 1446 1390 omne
1483 1350 1570 1390 reti-

228 1419 385 1458 nendae
419 1417 634 1457 maiestatis
669 1417 806 1456 Rabiri
837 1431 957 1456 causa
989 1417 1292 1456 continebatur:
1331 1430 1423 1468 ergo
1452 1415 1493 1455 in
1522 1429 1569 1455 ea

149 1499 211 1531 103
230 1484 340 1523 omni
369 1497 511 1535 genere
539 1482 859 1534 amplificationis
885 1483 1112 1522 exarsimus.
1170 1485 1223 1522 At
1246 1484 1345 1522 haec
1368 1482 1568 1521 interdum
1589 1494 1628 1516 20

229 1551 489 1601 temperanda
514 1556 553 1588 et
572 1548 760 1588 varianda
783 1555 885 1588 sunt.
945 1550 1068 1598 Quod
1097 1548 1212 1600 igitur
1238 1548 1278 1587 in
1304 1547 1568 1587 accusationis

229 1623 381 1666 septem
402 1614 510 1653 libris
537 1627 619 1652 non
643 1613 833 1665 reperitur
860 1616 1018 1665 genus?
1055 1615 1165 1665 quod
1185 1614 1226 1652 in
1247 1612 1421 1653 Habiti?
1458 1613 1569 1664 quod

228 1681 268 1719 in
297 1680 487 1720 Corneli?
524 1680 634 1730 quod
660 1679 701 1718 in
727 1679 905 1731 plurimis
934 1680 1078 1719 nostris
1101 1679 1430 1719 defensionibus?
1467 1692 1569 1730 quae

228 1747 410 1797 exempla
439 1744 680 1795 selegissem,
713 1744 788 1784 nisi
818 1747 880 1784 vel
918 1753 1013 1785 nota
1046 1759 1132 1785 esse
1163 1745 1370 1785 arbitrarer
1397 1746 1460 1783 vel
1492 1743 1568 1795 ipsi

228 1819 392 1863 possent
429 1813 558 1862 legere
596 1810 663 1861 qui
702 1818 945 1861 quaererent.
1009 1812 1131 1850 Nulla
1167 1818 1226 1850 est
1262 1810 1369 1850 enim
1406 1811 1488 1849 ullo
1525 1809 1567 1848 in
1587 1818 1627 1851 25

229 1891 372 1928 genere
400 1879 485 1916 laus
522 1874 721 1930 [oratoris]
752 1877 864 1916 cuius
893 1877 934 1915 in
963 1876 1106 1916 nostris
1134 1876 1379 1916 orationibus
1407 1889 1490 1915 non
1520 1875 1570 1914 sit

229 1943 363 1994 aliqua
400 1942 431 1982 si
469 1955 551 1980 non
590 1942 790 1992 perfectio,
825 1950 866 1981 at
903 1950 1069 1982 conatus
1107 1950 1239 1981 tamen
1277 1949 1398 1993 atque
1434 1943 1569 1981 adum-

151 2024 212 2054 104
229 2009 368 2048 bratio.
429 2009 524 2048 Non
559 2008 843 2058 adsequimur;
872 2016 912 2048 at
941 2008 1037 2059 quid
1066 2008 1179 2059 sequi
1207 2009 1348 2047 deceat
1374 2007 1567 2047 videmus.

278 2123 292 2144 1
320 2114 488 2153 eloquens
504 2112 573 2143 secl.
591 2112 683 2143 Bake
813 2123 832 2143 2
856 2112 885 2144 is
907 2112 966 2144 A:
990 2113 1050 2144 sed
1074 2111 1103 2142 L
1236 2122 1256 2152 3
1279 2112 1348 2144 alta
1363 2111 1397 2142 A
1412 2124 1422 2143 :
1446 2122 1570 2151 magna

232 2157 260 2187 L
370 2167 389 2196 5
414 2168 458 2188 ne
475 2156 577 2187 suerit
595 2156 623 2186 L
639 2167 646 2187 t
671 2167 714 2187 ne
731 2157 813 2187 dfitu
831 2156 979 2188 fuerisA
997 2168 1004 2188 :
1028 2167 1072 2187 ne
1083 2158 1162 2187 dum
1179 2161 1215 2188 tu
1224 2157 1351 2188 videris
1360 2155 1571 2197 Heerdegen:

234 2211 277 2232 ne
295 2201 373 2231 dum
389 2206 426 2232 tu
444 2201 581 2241 videris,
602 2210 644 2231 ne
663 2200 765 2231 fuerit
781 2200 907 2241 Stangl
1003 2211 1054 2240 14,
1074 2210 1112 2240 15
1138 2202 1181 2231 de
1196 2200 1310 2232 verbis
1327 2199 1501 2231 interdicti
1517 2199 1546 2230 L
1562 2210 1570 2230 :
1695 2235 1696 2240 ¹

233 2255 270 2275 re
283 2255 363 2275 vera
374 2245 407 2275 A
492 2254 540 2284 19,
558 2255 600 2275 20
616 2244 650 2274 in
664 2254 705 2275 ea
715 2245 807 2275 omni
819 2243 1006 2285 Heerdegen
1019 2256 1026 2276 :
1043 2245 1087 2276 ibi
1101 2244 1194 2275 omni
1203 2243 1329 2285 Stangl
1340 2255 1348 2276 ι
1370 2244 1404 2274 in
1417 2243 1508 2275 omni
1519 2241 1549 2273 L
1562 2254 1569 2276 :
1694 2246 1696 2291 ᾗ

233 2289 266 2318 in
286 2299 327 2318 eo
344 2289 376 2319 A
480 2298 522 2318 22
548 2288 665 2320 Habiti
682 2287 749 2319 AL
766 2299 774 2319 :
797 2287 889 2319 Aviti
906 2288 996 2329 vulg.
1098 2299 1152 2328 24,
1168 2298 1210 2328 25
1234 2288 1419 2319 arbitrarer
1434 2287 1488 2319 vel
1505 2287 1570 2328 ipsi
1693 2294 1696 2348 i

233 2331 359 2362 schulz
461 2336 704 2363 accusarentur
728 2332 781 2363 vel
809 2342 894 2372 opes
923 2332 956 2362 A
975 2343 982 2363 :
1014 2331 1196 2363 arbitrarer
1227 2331 1255 2361 L
1403 2341 1445 2371 25
1467 2340 1571 2371 posse

235 2374 361 2414 eligere
378 2373 408 2404 L
520 2377 563 2406 26
587 2375 732 2407 oratoris
749 2386 816 2408 om.
831 2375 865 2406 A
885 2376 953 2407 ml:
979 2376 1128 2407 oratoria
1142 2375 1276 2416 Bentley
1407 2375 1450 2406 28
1473 2374 1571 2415 sequi

234 2418 421 2459 Heerdegen
437 2430 444 2450 :
467 2418 555 2459 siqui
572 2419 606 2449 A
622 2431 630 2451 ι
654 2419 682 2450 si
698 2420 753 2459 qui
772 2420 824 2451 F:
847 2419 876 2450 si
892 2419 972 2460 quid
991 2418 1114 2450 OPM:
1137 2424 1170 2450 at
1187 2419 1267 2459 quid
1284 2419 1405 2450 deceat
1421 2419 1510 2460 vulg.
