1630 2730
114 158 170 197 62
189 174 250 197 221
581 160 639 199 M.
670 159 841 199 TVLLI
872 159 1184 200 CICERONIS
1599 0 1630 210 ἲ,

104 249 168 327 '62
242 272 291 310 In
320 273 464 311 eodem
493 271 608 323 igitur
636 286 803 312 numero
832 272 1011 312 eiusdem
1043 271 1184 312 aetatis
1213 272 1259 312 C.
1289 271 1422 312 Carbo
1449 271 1523 311 fuit
1619 211 1630 309 i

103 320 162 342 ²²¹
183 335 287 376 illius
321 337 636 388 eloquentissimi
668 337 739 376 viri
772 338 886 377 filius.
951 339 1046 377 Non
1080 336 1173 376 satis
1205 343 1345 376 acutus
1379 344 1521 386 orator,

183 403 255 442 sed
284 410 418 442 tamen
447 411 578 442 orator
606 411 835 442 numeratus
866 410 935 443 est.
995 405 1091 442 Erat
1123 403 1165 441 in
1194 402 1323 442 verbis
1353 402 1521 454 gravitas

182 475 222 507 et
247 468 361 508 facile
381 469 541 508 dicebat
560 476 599 508 et
624 464 900 509 auctoritatem
927 470 1146 508 naturalem
1173 469 1376 519 quandam
1402 469 1521 508 habe-

182 534 250 573 bat
270 534 405 573 oratio.
464 534 631 574 Acutior
651 536 700 584 Q.
723 535 866 574 Varius
885 535 1002 574 rebus
1022 533 1273 574 inveniendis
1293 547 1368 573 nee
1388 533 1520 573 minus
1539 547 1556 580 5

180 599 309 639 verbis
330 600 537 650 expeditus
551 615 561 649 3
590 600 700 639 fortis
715 614 808 640 vero
823 608 933 640 actor
952 607 991 640 et
1005 601 1221 639 vehemens
1241 607 1281 639 et
1294 598 1425 639 verbis
1444 612 1519 639 nec

180 664 295 716 inops
316 679 390 705 nec
416 665 594 705 abiectus
614 674 654 705 et
674 680 793 717 quem
820 668 938 717 plane
958 673 1155 705 oratorem
1183 665 1315 705 dicere
1337 666 1516 713 auderes,

180 731 254 771 Cn.
288 731 536 782 Pomponius
573 732 761 771 lateribus
798 745 991 783 pugnans,
1023 731 1193 771 incitans
1226 730 1394 779 animos,
1428 743 1519 770 acer

97 814 157 836 222
178 798 344 837 acerbus
383 798 629 837 criminosus.
704 799 879 837 Multum
918 798 970 837 ab
1008 797 1069 836 his
1107 797 1243 836 aberat
1281 798 1325 836 L.
1368 797 1515 844 Fufius,

178 869 312 902 tamen
332 877 379 902 ex
394 863 648 903 accusatione
669 865 736 902 M’.
753 862 889 914 Aquili
909 862 1136 914 diligentiae
1156 863 1327 901 fructum
1348 869 1516 913 ceperat.
1538 876 1578 900 10

179 929 284 967 Nam
314 930 371 967 M.
396 931 571 968 Drusum
603 936 716 967 tuum
749 942 939 979 magnum
969 929 1223 975 avunculum,
1248 940 1406 978 gravem
1436 940 1519 966 ora-

177 1003 304 1033 torem
334 994 387 1033 ita
417 996 622 1034 dumtaxat
651 1008 743 1034 cum
775 996 826 1034 de
857 1008 898 1034 re
927 994 1090 1046 publica
1120 993 1280 1041 diceret,
1308 995 1353 1032 L.
1382 1001 1516 1033 autem

176 1061 388 1101 Lucullum
427 1060 546 1099 etiam
590 1068 763 1107 acutum,
804 1068 1037 1111 patremque
1084 1067 1208 1108 tuum,
1251 1061 1383 1107 Brute,
1422 1058 1516 1098 iuris

175 1139 337 1176 quoque
368 1134 406 1165 et
437 1125 587 1177 publici
618 1133 657 1165 et
690 1125 830 1176 privati
863 1139 958 1165 sane
988 1124 1171 1176 peritum,
1203 1125 1260 1163 M.
1288 1125 1513 1173 Lucullum,

176 1192 232 1230 M.
265 1191 478 1231 Octavium
510 1193 585 1232 Cn.
617 1193 651 1230 F
653 1222 673 1240 .,
707 1191 775 1242 qui
808 1198 963 1230 tantum
996 1190 1230 1230 auctoritate
1260 1189 1515 1241 dicendoque
1537 1205 1574 1238 15

172 1257 295 1296 valuit
315 1266 357 1296 ut
376 1260 504 1308 legem
528 1257 804 1308 Semproniam
824 1257 1120 1296 frumentariam
1140 1255 1279 1308 populi
1297 1255 1514 1307 frequentis

173 1323 364 1374 suffragiis
397 1322 654 1374 abrogaverit,
689 1324 762 1363 Cn.
792 1322 1005 1362 Octavium
1041 1324 1097 1362 M.
1132 1324 1188 1370 F.‚
1223 1323 1280 1361 M.
1314 1322 1513 1362 Catonem

172 1395 335 1439 patrem,
360 1391 408 1439 Q.
431 1388 550 1428 etiam
572 1389 759 1429 Catulum
787 1388 913 1427 filium
938 1389 1187 1428 abducamus
1207 1401 1255 1427 ex
1273 1386 1369 1435 acie,
1391 1386 1434 1426 id
1453 1394 1512 1426 est

171 1467 195 1493 a
214 1453 380 1502 iudiciis,
403 1462 442 1494 et
462 1454 502 1493 in
523 1454 727 1506 praesidiis
747 1454 802 1494 rei
822 1454 1018 1505 publicae,
1038 1453 1104 1493 cui
1127 1452 1242 1493 facile
1265 1452 1358 1492 satis
1381 1453 1511 1492 facere

90 1535 153 1567 223
170 1519 334 1571 possint,
364 1522 617 1559 collocemus.
678 1521 835 1559 Eodem
863 1521 912 1570 Q.
936 1519 1184 1571 Caepionem
1213 1519 1408 1567 referrem,
1434 1517 1511 1558 nisi
1531 1533 1573 1555 20

171 1586 289 1625 nimis
305 1586 477 1638 equestri
497 1586 628 1626 ordini
648 1585 807 1626 deditus
827 1599 850 1625 a
870 1593 1009 1625 senatu
1029 1584 1269 1626 dissedisset.
1329 1585 1403 1624 Cn.
1419 1585 1512 1624 Car-

171 1653 319 1692 bonem
342 1655 398 1691 M.
423 1652 597 1691 Marium
624 1659 663 1691 et
689 1666 737 1691 ex
762 1653 906 1691 eodem
933 1665 1077 1703 genere
1104 1649 1318 1702 compluris
1345 1649 1510 1690 minime

170 1717 312 1768 dignos
336 1718 526 1769 elegantis
552 1725 773 1757 conventus
799 1717 959 1756 auribus
985 1716 1212 1768 aptissimos
1238 1714 1409 1766 cognovi
1434 1722 1511 1754 tur-

168 1783 341 1823 bulentis
368 1783 635 1823 contionibus.
695 1784 789 1832 Quo
816 1783 856 1821 in
880 1796 1033 1834 genere,
1056 1789 1100 1821 ut
1125 1781 1166 1820 in
1192 1780 1253 1820 his
1279 1781 1507 1832 perturbem

166 1857 340 1888 aetatum
379 1849 572 1898 ordinem,
608 1862 735 1900 nuper
768 1850 812 1888 L.
847 1848 1060 1899 Quinctius
1092 1847 1189 1896 fuit3
1227 1845 1356 1897 aptior
1386 1845 1507 1885 etiarn
1527 1860 1566 1893 ²5

85 1927 150 1958 ²24
168 1914 378 1954 Palicanus
397 1915 558 1954 auribus
578 1914 861 1966 imperitorum.
922 1916 975 1953 Et
993 1913 1184 1965 quoniam
1211 1912 1328 1951 huius
1353 1911 1507 1963 generis

168 1981 272 2019 facta
302 1980 453 2019 mentio
487 1988 557 2029 est,
594 1979 875 2019 seditiosorum
904 1979 1085 2019 omnium
1114 1985 1205 2030 post
1229 1978 1432 2017 Gracchos
1459 1978 1505 2016 L.

167 2046 389 2096 Appuleius
437 2046 671 2085 Saturninus
718 2045 1067 2097 eloquentissimus
1105 2044 1211 2083 visus
1249 2050 1336 2091 est3
1382 2042 1506 2094 magis

167 2111 300 2162 specie
319 2120 453 2151 tamen
474 2119 513 2151 et
540 2119 652 2151 motu
677 2119 798 2162 atque
827 2111 914 2162 ipso
937 2110 1086 2150 amictu
1113 2109 1296 2160 capiebat
1321 2107 1505 2148 homines

166 2190 284 2228 quam
305 2186 374 2216 aut
394 2177 554 2217 dicendi
570 2177 686 2229 copia
700 2184 768 2216 aut
784 2176 1057 2216 mediocritate
1076 2174 1320 2227 prudentiae.
1365 2175 1505 2224 Longe
1522 2187 1564 2219 30

1616 2071 1630 2173 &istu-ML
1626 2051 1630 2059 ‚„
1623 2006 1630 2028 ,η
1619 1883 1630 1967 ,ψη-’.ψ
1623 1836 1630 1871 ι--
1623 1782 1630 1806 ,

212 2292 226 2313 1
254 2282 316 2313 fuit
340 2283 407 2314 secl.
433 2282 544 2314 Vassis
654 2292 674 2312 2
698 2259 855 2314 filiusJIs
873 2281 970 2320 Jahn
1095 2291 1136 2312 10
1158 2285 1274 2312 tamen
1290 2276 1345 2309 L:
1367 2278 1503 2310 tametsi

164 2325 336 2356 Eberhard
521 2326 612 2366 cepit
636 2326 759 2357 maluit
771 2324 895 2367 Stangl
1059 2326 1098 2356 18
1122 2324 1155 2356 id
1171 2329 1224 2356 est
1239 2334 1260 2356 a
1275 2322 1410 2354 iudiciis
1431 2323 1501 2354 secl.

165 2368 356 2454 ᾔανὲιῖἑῖιὲἷ
476 2381 518 2409 24
543 2370 760 2402 contionibus
783 2370 898 2411 vulg.:
922 2368 1172 2409 cognitionibus
1193 2366 1224 2398 L
1335 2374 1377 2406 25
1401 2366 1503 2398 etiam
1615 2419 1626 2429 ιχ

1613 2446 1630 2467 ἢ
