1696 2730
164 167 225 206 60
251 184 311 207 τοι
607 169 664 206 M.
705 168 875 206 TVLLI
916 166 1226 207 CICERONIS

247 280 472 320 dicimus—
489 294 499 329 3
540 278 827 319 conlocationis
865 285 999 317 autem
1037 291 1108 317 eae
1137 291 1235 329 quas
1271 278 1452 326 diximus,
1484 291 1594 318 com*

166 355 228 379 202
247 346 403 398 positio,
444 345 703 393 concinnitas,
744 358 943 384 numerus.
1003 345 1082 384 Sed
1119 344 1161 383 in
1202 351 1371 395 utroque
1409 345 1590 395 frequen-

247 413 365 452 tiores
395 419 488 451 sunt
516 419 555 451 et
583 410 786 450 liberiores
815 417 957 464 poetae
972 425 982 458 3
1010 424 1104 449 nam
1134 417 1173 449 et
1201 411 1440 449 transferunt
1470 410 1591 450 verba

247 492 340 517 cum
370 477 544 517 crebrius
568 484 653 515 tum
680 476 800 515 etiam
826 475 1016 514 audacius
1041 483 1080 515 et
1105 475 1243 526 priscis
1266 475 1454 515 libentius
1474 482 1594 514 utun*

249 551 311 583 tur
330 551 369 582 et
388 542 549 582 liberius
570 541 694 581 novis.
755 542 878 591 Quod
897 541 1005 580 idem
1026 542 1069 579 fit
1098 540 1139 579 in
1165 540 1350 589 numeris,
1374 540 1415 579 in
1442 540 1589 592 quibus
1612 549 1630 581 5
1684 568 1686 572 -

250 609 363 660 quasi
396 607 622 648 necessitati
656 621 791 658 parere
825 615 1030 658 coguntur.
1104 608 1183 646 Sed
1215 614 1349 646 tamen
1383 608 1482 646 haec
1517 620 1591 646 nec

251 675 368 714 nimis
399 688 486 714 esse
515 674 669 713 diversa
702 687 834 724 neque
870 675 981 712 nullo
1013 674 1136 712 modo
1170 672 1384 712 coniuncta
1416 672 1593 723 intellegi

250 741 353 780 licet.
414 742 476 779 Ita
495 741 538 778 fit
558 747 601 778 ut
627 753 710 778 non
739 739 834 778 item
861 738 902 777 in
929 738 1107 778 oratione
1136 746 1181 777 ut
1209 738 1249 777 in
1269 751 1383 777 versu
1403 751 1591 778 numerus

252 813 377 846 exstet
392 805 515 856 idque
530 806 639 855 quod
656 818 911 844 numerosum
927 805 967 842 in
988 804 1167 844 oratione
1182 804 1325 844 dicitur
1341 818 1423 844 non
1438 817 1594 855 semper

253 885 420 911 numero
449 872 527 919 fiat,
550 872 621 909 sed
650 883 732 909 non
762 883 983 920 numquam
1011 878 1079 909 aut
1108 870 1377 910 concinnitate
1405 877 1474 909 aut
1502 883 1595 910 con-
1615 879 1654 903 ¹0
1683 859 1686 862 ι

173 949 237 980 203
255 936 470 977 structione
489 937 711 975 verborum.
756 937 818 974 Ita
838 935 870 974 si
890 949 1078 975 numerus
1098 935 1285 975 orationis
1306 935 1505 987 quaeritur
1524 934 1594 986 qui

254 1003 314 1050 sit,
333 1002 463 1041 omnis
484 1009 553 1049 est,
576 1003 647 1040 sed
667 1001 765 1040 alius
786 1001 863 1040 alio
883 1001 1022 1041 melior
1041 1009 1161 1052 atque
1180 1001 1308 1052 aptior
1320 1016 1331 1050 3
1360 1001 1393 1041 si
1412 1002 1537 1049 locus,
1552 1001 1594 1040 in

255 1068 366 1108 omni
396 1075 506 1118 parte
535 1067 774 1116 verborum3
813 1066 845 1106 si
873 1068 982 1107 unde
1013 1075 1121 1107 ortus
1151 1067 1210 1115 sit,
1233 1081 1281 1107 ex
1305 1067 1459 1106 aurium
1488 1068 1596 1107 volu-

254 1142 387 1185 ptate3
416 1133 448 1172 si
468 1134 842 1184 componendorum
865 1133 975 1181 ratio,
998 1133 1151 1172 dicetur
1175 1133 1254 1173 alio
1273 1134 1377 1182 loco,
1397 1132 1490 1184 quia
1513 1147 1597 1184 per-

255 1200 355 1239 tinet
381 1201 432 1238 ad
459 1212 586 1246 usum,
610 1212 713 1249 quae
741 1212 830 1249 pars
854 1207 993 1250 quarta
1022 1207 1060 1238 et
1088 1199 1262 1238 extrema
1290 1199 1407 1238 nobis
1435 1199 1476 1238 in
1501 1198 1596 1239 divi·
1617 1187 1688 1238 ¹5]

257 1267 393 1305 dendo
413 1264 486 1303 fuit
503 1279 513 1313 3
542 1264 574 1303 si
593 1265 645 1303 ad
665 1277 786 1314 quam
807 1279 889 1304 rem
915 1265 1162 1312 adhibeatur,
1185 1266 1236 1304 ad
1262 1264 1570 1304 delectationem
1583 1279 1595 1312 ·;

258 1331 290 1370 si
317 1331 494 1380 quando,
514 1343 669 1380 semper
683 1345 693 1378 ς
723 1329 755 1368 si
781 1343 862 1380 quo
889 1331 992 1379 loco,
1012 1330 1054 1368 in
1081 1337 1164 1369 tota
1190 1329 1491 1370 continuatione
1515 1343 1597 1369 ver-

258 1397 400 1435 borum
417 1410 426 1444 ;
469 1395 502 1434 si
533 1409 635 1446 quae
672 1409 733 1434 res
771 1395 913 1434 efficiat
950 1397 1207 1447 voluptatem,
1241 1397 1382 1435 eadem
1416 1409 1519 1447 quae
1555 1395 1595 1434 in

257 1461 446 1509 versibus,
470 1475 639 1512 quorum
670 1462 836 1500 modum
864 1469 975 1500 notat
1003 1475 1074 1509 ars,
1102 1463 1172 1501 sed
1201 1475 1315 1500 aures
1338 1461 1447 1512 ipsae
1476 1461 1596 1501 tacito
1694 1512 1696 1516 Ι

259 1541 352 1567 eum
373 1540 491 1566 sensu
511 1526 697 1566 sine²arte
717 1526 923 1566 definiunt.
1617 1530 1659 1554 ²0
1693 1569 1696 1573 ,

315 1592 416 1632 Satis
447 1593 571 1631 multa
599 1593 650 1631 de
679 1599 846 1640 natura;
883 1592 1060 1643 sequitur
1088 1606 1193 1641 usus,
1216 1594 1267 1632 de
1293 1607 1374 1644 quo
1403 1600 1462 1632 est
1486 1605 1601 1632 accu-

261 1658 381 1697 ratius
410 1657 707 1709 disputandum.
768 1659 816 1696 In
847 1671 927 1709 quo
957 1657 1180 1709 quaesitum
1210 1665 1269 1698 est
1297 1658 1337 1697 in
1367 1665 1505 1698 totone
1533 1657 1602 1697 cir-

262 1723 371 1764 cuitu
405 1723 472 1762 illo
506 1723 706 1771 orationis,
737 1737 857 1774 quem
888 1723 1030 1763 Graeci
1052 1724 1233 1775 περίοδον,
1263 1737 1338 1763 nos
1368 1731 1453 1763 tum
1479 1723 1602 1763 ambi-

264 1798 360 1837 tum,
392 1796 477 1828 tum
507 1788 727 1836 circuitum,
759 1796 844 1827 tum
871 1789 1270 1840 comprehensionem
1296 1797 1365 1829 aut
1397 1788 1603 1829 continua-

263 1855 414 1894 tionem
452 1861 521 1893 aut
558 1854 966 1906 circumscriptionem
1013 1854 1193 1904 dicimus,
1233 1869 1285 1894 an
1322 1855 1363 1894 in
1400 1854 1602 1907 principiis
1622 1866 1662 1899 ²5

265 1922 394 1960 solum
414 1933 466 1958 an
486 1920 527 1958 in
548 1920 731 1960 extremis
750 1934 801 1959 an
822 1920 862 1959 in
882 1928 1049 1972 utraque
1067 1928 1178 1971 parte
1197 1935 1385 1960 numerus
1405 1922 1602 1960 tenendus

265 1986 314 2024 sit
329 2001 338 2034 ς
367 1985 515 2025 deinde
535 2000 625 2025 cum
646 1986 755 2026 aliud
774 1986 954 2026 videatur
977 2001 1063 2027 esse
1088 2001 1276 2026 numerus
1295 1987 1404 2027 aliud
1423 1999 1605 2026 numero*

185 2063 245 2095 205
266 2065 365 2099 sum,
402 2051 499 2101 quid
537 2051 699 2091 intersit.
757 2054 863 2091 Tum
902 2060 1035 2092 autem
1074 2052 1114 2091 in
1153 2052 1393 2092 omnibusne
1429 2052 1604 2092 numeris

266 2116 483 2167 aequaliter
520 2117 729 2168 particulas
768 2119 908 2157 deceat
945 2118 1120 2158 incidere
1153 2132 1204 2157 an
1234 2119 1363 2158 facere
1392 2117 1487 2157 alias
1519 2118 1605 2157 bre—

266 2181 394 2221 viores
427 2181 523 2221 alias
553 2182 761 2233 longiores,
795 2183 917 2234 idque
949 2185 1113 2234 quando
1142 2190 1210 2222 aut
1242 2197 1336 2232 cur3
1379 2183 1605 2235 quibusque
1623 2196 1664 2228 30

267 2247 455 2299 partibus,
486 2247 718 2298 pluribusne
746 2263 797 2288 an
826 2249 1002 2300 singulis,
1030 2249 1247 2300 imparibus
1274 2263 1326 2288 an
1358 2248 1602 2300 aequalibus,

195 1570 244 1608 61

180 1640 245 1672 204

314 2362 328 2381 1
355 2352 591 2383 collocationis
620 2351 821 2384 Manutius:
858 2352 1103 2384 collocationes
1136 2353 1163 2384 L
1327 2363 1344 2393 7
1369 2363 1480 2393 neque
1512 2347 1605 2384 nullo

269 2395 370 2426 modo
396 2395 524 2427 Giiller:
555 2407 668 2436 neque
691 2396 761 2427 ullo
784 2397 885 2428 modo
910 2395 963 2428 L:
995 2407 1108 2437 neque
1135 2396 1229 2428 nullo
1252 2397 1353 2427 modo
1379 2407 1448 2427 non
1472 2395 1609 2437 Seyffert

269 2439 290 2468 8
315 2439 361 2469 ita
378 2439 416 2469 fit
433 2463 440 2469 .
458 2463 465 2470 .
483 2463 490 2469 .
509 2440 676 2472 definiunt
693 2440 837 2472 damnat
852 2441 1041 2482 Stegmann
1211 2450 1254 2472 20
1277 2450 1381 2472 sensu
1396 2439 1486 2472 codd.
1504 2439 1577 2472 dett.
1597 2451 1606 2472 τ

268 2492 408 2514 sensum
424 2481 520 2514 FPO
909 2502 913 2505 <
1077 2496 1080 2498 “
1581 2495 1584 2497 ’
1602 2494 1611 2498 ’
