1696 2730
121 118 174 156 53
198 120 255 157 ¹77
550 108 609 147 M.
648 109 818 148 TVLLI
859 109 1170 150 CICERONIS

191 227 333 267 motos,
351 219 579 270 praesertim
600 233 704 268 cum,
718 227 762 259 ut
781 221 836 268 fit,
850 219 1013 259 fortuito
1033 233 1151 271 saepe
1169 219 1320 270 aliquid
1339 222 1528 260 concluse

190 293 363 336 apteque
391 284 580 324 dicerent.
643 287 767 336 Quod
795 299 886 325 cum
920 284 1076 324 animos
1106 285 1316 324 hominum
1344 286 1529 337 aurisque

191 350 419 402 pepulisset,
442 358 485 389 ut
504 350 679 401 intellegi
702 359 837 402 posset
863 351 904 390 id
931 352 1041 402 quod
1067 364 1182 390 casus
1208 350 1412 391 effudisset
1430 351 1529 391 ceci-

191 416 298 455 disse
316 416 502 465 iucunde,
517 418 740 456 notandum
760 424 866 456 certe
883 430 1008 468 genus
1027 423 1148 467 atque
1163 416 1238 467 ipsi
1257 416 1332 456 sibi
1346 416 1529 457 imitandi

191 482 361 521 fuerunt.
421 483 538 532 Ipsae
558 482 664 521 enim
691 496 804 521 aures
823 483 885 522 vel
904 481 1062 521 animus
1080 481 1233 521 aurium
1258 482 1400 522 nuntio
1419 490 1530 522 natu-
1547 494 1565 527 5

191 549 314 587 ralem
334 549 536 598 quandam
563 547 603 586 in
631 562 673 588 se
699 548 877 588 continet
894 562 1039 587 vocum
1067 547 1247 587 omnium
1268 548 1528 588 mensionem.

111 627 123 650 1
135 619 175 661 78
194 615 336 664 Itaque
351 621 391 652 et
406 613 584 664 longiora
599 621 637 653 et
652 613 832 653 breviora
850 613 1000 653 iudicat
1015 621 1054 653 et
1068 614 1242 665 perfecta
1261 627 1307 652 ac
1327 615 1533 654 moderata

193 693 349 730 semper
367 686 568 730 exspectat
581 694 592 728 3
621 678 760 718 mutila
780 679 899 718 sentit
914 680 1112 730 quaedam
1132 686 1171 718 et
1186 679 1299 730 quasi
1314 680 1530 727 decurtata,

193 745 339 796 quibus
371 752 576 795 tamquam
606 744 744 784 debito
781 745 983 784 fraudetur
1021 744 1244 792 offenditur,
1276 744 1532 795 productiora

192 810 269 849 alia
298 818 337 849 et
366 810 478 861 quasi
508 811 809 850 immoderatius
838 809 1093 857 excurrentia„
1125 824 1228 861 quae
1258 810 1382 861 magis
1410 810 1529 850 etiam
1552 826 1591 848 ιο

193 884 453 926 aspernantur
489 890 603 915 aures
621 891 632 925 ς
671 877 781 927 quod
820 890 912 914 cum
951 875 992 914 in
1029 875 1228 926 plerisque
1261 883 1345 915 tum
1379 875 1420 914 in
1453 877 1531 915 hoc

193 955 336 991 genere
373 941 541 980 nimium
580 943 690 992 quod
728 949 788 980 est
825 940 992 980 offendit
1024 941 1300 981 vehementius
1332 955 1452 993 quam
1490 942 1533 982 id

194 1008 304 1058 quod
342 1007 497 1046 videtur
529 1021 680 1058 parum.
740 1009 793 1045 Vt
823 1006 942 1058 igitur
970 1007 1152 1058 poeticae
1181 1020 1316 1047 versus
1348 1007 1533 1047 inventus

194 1081 253 1112 est
284 1072 563 1112 terminatione
595 1073 760 1120 aurium,
792 1073 1070 1112 observatione
1103 1073 1371 1124 prudentium,
1402 1073 1458 1113 sic
1491 1073 1533 1112 in

194 1139 373 1179 oratione
397 1138 718 1178 animadversum
744 1146 814 1186 est,
837 1140 963 1178 multo
988 1138 1087 1178 illud
1114 1138 1277 1189 quidem
1307 1139 1441 1188 serius,
1461 1139 1534 1178 sed

195 1206 335 1245 eadem
361 1212 500 1243 natura
525 1206 780 1252 admonente,
802 1218 889 1244 esse
909 1205 1105 1255 quosdam
1132 1212 1260 1243 certos
1286 1218 1423 1244 cursus
1442 1218 1535 1244 con-

196 1270 475 1321 clusionesque
494 1271 716 1311 verborum.

117 1347 180 1382 ¹79
253 1335 455 1386 Quoniam
494 1335 611 1387 igitur
648 1349 808 1375 causam
847 1335 1310 1386 quoque'ostendimus‚
1352 1344 1532 1375 naturam

196 1401 403 1441 nunc—id
436 1401 542 1441 enim
577 1409 659 1441 erat
692 1401 940 1440 tertium—si
969 1402 1098 1452 placet
1127 1401 1394 1452 explicemus;
1432 1415 1534 1453 quae

197 1466 414 1518 disputatio
447 1481 528 1506 non
562 1466 679 1505 huius
713 1466 881 1505 instituti
920 1466 1113 1506 sermonis
1147 1474 1216 1514 est,
1250 1468 1321 1506 sed
1353 1466 1446 1506 artis
1478 1467 1534 1506 in·
1553 1484 1594 1508 πο

197 1533 327 1572 timae.
388 1532 536 1582 Quaeri
569 1532 676 1572 enim
708 1539 850 1583 potest,
882 1531 950 1583 qui
983 1532 1032 1571 sit
1061 1531 1249 1571 orationis
1279 1546 1467 1572 numerus
1496 1540 1535 1572 et

197 1598 266 1638 ubi
288 1598 337 1637 sit
356 1597 509 1649 positus
536 1605 575 1637 et
598 1605 715 1637 natus
742 1611 788 1637 ex
809 1611 900 1648 quo,
924 1605 962 1636 et
988 1597 1020 1636 is
1042 1611 1203 1643 ‚unusne
1229 1597 1279 1637 sit
1304 1612 1355 1637 an
1379 1599 1461 1638 duo
1483 1612 1535 1638 an
1681 1636 1688 1648 ς

196 1666 328 1715 plures
367 1677 525 1714 quaque
562 1663 714 1703 ratione
751 1671 1015 1714 componatur
1052 1671 1091 1702 et
1127 1664 1179 1702 ad
1217 1677 1338 1714 quam
1375 1678 1459 1703 rem
1497 1671 1537 1704 et
1678 1651 1690 1714 {1

198 1730 362 1780 quando
388 1736 427 1768 et
451 1742 532 1779 quo
558 1729 648 1768 loco
674 1736 713 1767 et
736 1742 856 1779 quem
885 1730 937 1768 ad
963 1730 1129 1768 modum
1155 1728 1357 1768 adhibitus
1385 1729 1536 1781 aliquid
1686 1732 1688 1734 ’

117 1799 182 1830 180
198 1795 411 1846 voluptatis
439 1796 601 1834 adferat.
665 1796 744 1834 Sed
773 1802 816 1834 ut
842 1794 883 1833 in
911 1794 1110 1846 plerisque
1147 1795 1264 1834 rebus
1298 1795 1354 1834 sic
1386 1795 1427 1834 in
1461 1797 1536 1835 hac
1555 1810 1595 1843 ²5

199 1860 346 1910 duplex
386 1866 444 1897 est
483 1857 763 1897 considerandi
800 1857 863 1896 via
905 1871 1071 1908 quarum
1113 1859 1235 1897 altera
1274 1866 1333 1897 est
1369 1859 1537 1910 longior,

129 1929 183 1968 54
200 1924 356 1964 brevior
383 1925 514 1970 altera,
543 1924 684 1963 eadem
714 1923 834 1963 etiam
863 1922 1027 1974 planior.
1088 1925 1159 1962 Est
1187 1930 1321 1963 autem
1350 1924 1537 1975 longioris

199 1990 326 2041 prima
363 1989 429 2028 illa
462 1988 642 2040 quaestio
680 1989 782 2028 sitne
819 1988 985 2028 omnino
1022 1990 1102 2028 ulla
1139 2003 1352 2029 numerosa
1388 1990 1539 2040 orati0;

201 2056 441 2107 quibusdam
469 2054 576 2094 enim
604 2068 685 2094 non
706 2054 874 2104 videtur,
894 2054 987 2105 quia
1009 2054 1108 2094 nihil
1134 2054 1226 2094 insit
1246 2054 1286 2094 in
1309 2069 1357 2096 ea
1379 2056 1474 2096 certi
1494 2065 1538 2097 ut

199 2122 240 2165 in
264 2121 452 2169 versibus,
479 2129 517 2161 et
541 2122 651 2172 quod
679 2120 764 2172 ipsi,
791 2120 859 2172 qui
884 2122 1096 2160 adfirment
1124 2134 1210 2161 esse
1240 2135 1308 2161 eos
1337 2135 1534 2172 numeros,
1556 2137 1598 2169 30

247 2232 266 2261 5
294 2222 389 2262 ipsae
407 2222 499 2252 enim
516 2231 618 2252 aures
634 2220 722 2253 codd.
742 2221 815 2252 dett.
833 2232 840 2252 :
864 2221 939 2261 ipse
956 2221 1043 2252 enim
1061 2221 1094 2251 A
1115 2232 1122 2252 :
1145 2231 1246 2252 aures
1262 2222 1353 2253 enim
1370 2220 1401 2252 L
1517 2223 1539 2252 6

203 2266 452 2297 dimensionem
471 2265 592 2296 maluit
605 2264 693 2296 Reid
822 2266 843 2296 8
866 2266 963 2306 quasi
981 2269 1015 2296 et
1032 2264 1064 2295 A
1202 2275 1242 2297 10
1265 2265 1331 2296 alia
1346 2264 1376 2296 L
1395 2277 1403 2305 ;
1426 2265 1539 2306 aliqua

202 2309 236 2340 A
409 2319 447 2348 13
471 2309 626 2348 poeticae
650 2310 707 2349 (sc.
726 2309 822 2350 artis)
841 2308 1006 2340 Friedrich
1022 2320 1029 2340 :
1053 2308 1189 2349 poetica
1205 2314 1239 2340 et
1255 2307 1285 2339 L
1301 2320 1308 2341 :
1331 2310 1400 2341 secl.
1415 2309 1512 2349 Jahn
1530 2321 1537 2341 :

204 2357 328 2393 poetae
345 2352 378 2382 A
396 2364 402 2384 ε
427 2353 460 2383 in
479 2353 611 2392 poetica
625 2352 751 2384 Schatz
897 2363 939 2384 22
964 2357 997 2384 et
1015 2353 1045 2384 is
1067 2376 1075 2384 .
1101 2376 1110 2384 .
1137 2376 1144 2383 .
1170 2352 1286 2392 plures
1301 2353 1371 2385 secl.
1388 2352 1542 2384 Hoerner

203 2406 246 2436 30
270 2396 335 2436 ipsi
353 2396 381 2427 L
398 2408 404 2428 :
429 2396 474 2427 illi
492 2397 525 2427 A
546 2408 553 2428 :
577 2397 623 2428 illi
640 2397 705 2438 ipsi
723 2395 849 2439 Stangl
934 2397 1100 2433 affirmant
1115 2396 1161 2438 A,
1181 2396 1271 2438 quod
1283 2396 1489 2429 tueturReid
1517 2413 1520 2417 ’
