<?xml version="1.0" encoding="UTF-8"?>
<!DOCTYPE html PUBLIC "-//W3C//DTD XHTML 1.0 Transitional//EN"
    "http://www.w3.org/TR/xhtml1/DTD/xhtml1-transitional.dtd">
<html xmlns="http://www.w3.org/1999/xhtml" xml:lang="en" lang="en">
 <head>
  <title>
</title>
<meta http-equiv="Content-Type" content="text/html;charset=utf-8" />
  <meta name='ocr-system' content='tesseract 3.04.00' />
  <meta name='ocr-capabilities' content='ocr_page ocr_carea ocr_par ocr_line ocrx_word'/>
</head>
<body>
  <div class='ocr_page' id='page_1' title='image "./rhetoricarecogno02ciceuoft_0249.png"; bbox 0 0 1696 2730; ppageno 0'>
   <div class='ocr_carea' id='block_1_1' title="bbox 451 125 1580 178">
    <p class='ocr_par' dir='ltr' id='par_1_1' title="bbox 451 125 1580 178">
     <span class='ocr_line' id='line_1_1' title="bbox 451 125 1580 178; baseline 0.003 -13"><span class='ocrx_word' id='word_1_1' title='bbox 451 125 835 166; x_wconf 90' lang='lat' dir='ltr'>PARTITIONES</span> <span class='ocrx_word' id='word_1_2' title='bbox 872 126 1209 166; x_wconf 87' lang='lat' dir='ltr'>ORATORIAE</span> <span class='ocrx_word' id='word_1_3' title='bbox 1445 137 1498 177; x_wconf 83' lang='lat'>34</span> <span class='ocrx_word' id='word_1_4' title='bbox 1518 145 1530 168; x_wconf 87' lang='lat'>1</span> <span class='ocrx_word' id='word_1_5' title='bbox 1539 144 1552 168; x_wconf 86' lang='lat'>1</span> <span class='ocrx_word' id='word_1_6' title='bbox 1561 140 1580 178; x_wconf 77' lang='lat'><strong><em>7</em></strong></span> 
     </span>
    </p>
   </div>
   <div class='ocr_carea' id='block_1_2' title="bbox 100 235 1574 2242">
    <p class='ocr_par' dir='ltr' id='par_1_2' title="bbox 100 235 1574 2242">
     <span class='ocr_line' id='line_1_2' title="bbox 166 235 1492 293; baseline 0.002 -17"><span class='ocrx_word' id='word_1_7' title='bbox 166 235 379 276; x_wconf 88' lang='lat' dir='ltr'>laudabilia</span> <span class='ocrx_word' id='word_1_8' title='bbox 410 235 563 276; x_wconf 89' lang='lat' dir='ltr'>dictum</span> <span class='ocrx_word' id='word_1_9' title='bbox 597 243 711 276; x_wconf 92' lang='lat' dir='ltr'>est—</span> <span class='ocrx_word' id='word_1_10' title='bbox 723 250 736 286; x_wconf 89' lang='lat'>,·</span> <span class='ocrx_word' id='word_1_11' title='bbox 772 236 919 293; x_wconf 79' lang='lat' dir='ltr'>deinde</span> <span class='ocrx_word' id='word_1_12' title='bbox 948 245 1181 288; x_wconf 88' lang='lat' dir='ltr'>argumento</span> <span class='ocrx_word' id='word_1_13' title='bbox 1215 237 1332 278; x_wconf 89' lang='lat' dir='ltr'>etiam</span> <span class='ocrx_word' id='word_1_14' title='bbox 1367 239 1492 287; x_wconf 89' lang='lat' dir='ltr'>firmo,</span> 
     </span>
     <span class='ocr_line' id='line_1_3' title="bbox 164 301 1495 353; baseline 0.002 -13"><span class='ocrx_word' id='word_1_15' title='bbox 164 301 258 353; x_wconf 91' lang='lat' dir='ltr'>quia</span> <span class='ocrx_word' id='word_1_16' title='bbox 285 309 419 341; x_wconf 90' lang='lat' dir='ltr'>tamen</span> <span class='ocrx_word' id='word_1_17' title='bbox 447 314 565 353; x_wconf 86' lang='lat' dir='ltr'>saepe</span> <span class='ocrx_word' id='word_1_18' title='bbox 592 302 735 341; x_wconf 88' lang='lat' dir='ltr'>falsum</span> <span class='ocrx_word' id='word_1_19' title='bbox 763 309 832 350; x_wconf 90' lang='lat' dir='ltr'>est,</span> <span class='ocrx_word' id='word_1_20' title='bbox 857 315 975 353; x_wconf 89' lang='lat' dir='ltr'>posse</span> <span class='ocrx_word' id='word_1_21' title='bbox 1003 310 1108 342; x_wconf 90' lang='lat' dir='ltr'>recte</span> <span class='ocrx_word' id='word_1_22' title='bbox 1136 317 1218 343; x_wconf 89' lang='lat' dir='ltr'>non</span> <span class='ocrx_word' id='word_1_23' title='bbox 1247 303 1381 353; x_wconf 84' lang='lat' dir='ltr'>credi3</span> <span class='ocrx_word' id='word_1_24' title='bbox 1411 303 1495 343; x_wconf 91' lang='lat' dir='ltr'>viro</span> 
     </span>
     <span class='ocr_line' id='line_1_4' title="bbox 164 365 1495 419; baseline 0.002 -13"><span class='ocrx_word' id='word_1_25' title='bbox 164 365 273 406; x_wconf 91' lang='lat' dir='ltr'>bono</span> <span class='ocrx_word' id='word_1_26' title='bbox 293 373 331 406; x_wconf 91' lang='lat' dir='ltr'>et</span> <span class='ocrx_word' id='word_1_27' title='bbox 346 367 460 406; x_wconf 89' lang='lat' dir='ltr'>firmo</span> <span class='ocrx_word' id='word_1_28' title='bbox 480 365 564 406; x_wconf 91' lang='lat' dir='ltr'>sine</span> <span class='ocrx_word' id='word_1_29' title='bbox 578 365 674 406; x_wconf 90' lang='lat' dir='ltr'>vitio</span> <span class='ocrx_word' id='word_1_30' title='bbox 693 366 835 406; x_wconf 90' lang='lat' dir='ltr'>iudicis</span> <span class='ocrx_word' id='word_1_31' title='bbox 854 380 936 407; x_wconf 91' lang='lat' dir='ltr'>non</span> <span class='ocrx_word' id='word_1_32' title='bbox 954 380 1072 418; x_wconf 90' lang='lat' dir='ltr'>posse</span> <span class='ocrx_word' id='word_1_33' title='bbox 1091 381 1174 407; x_wconf 91' lang='lat' dir='ltr'>non</span> <span class='ocrx_word' id='word_1_34' title='bbox 1193 368 1311 408; x_wconf 91' lang='lat' dir='ltr'>credi.</span> <span class='ocrx_word' id='word_1_35' title='bbox 1360 371 1495 419; x_wconf 85' lang='lat' dir='ltr'>Atque</span> 
     </span>
     <span class='ocr_line' id='line_1_5' title="bbox 163 430 1494 482; baseline 0.002 -12"><span class='ocrx_word' id='word_1_36' title='bbox 163 430 294 480; x_wconf 89' lang='lat' dir='ltr'>etiam,</span> <span class='ocrx_word' id='word_1_37' title='bbox 316 431 349 470; x_wconf 94' lang='lat' dir='ltr'>si</span> <span class='ocrx_word' id='word_1_38' title='bbox 368 431 526 471; x_wconf 87' lang='lat' dir='ltr'>obscuri</span> <span class='ocrx_word' id='word_1_39' title='bbox 545 438 664 471; x_wconf 90' lang='lat' dir='ltr'>testes</span> <span class='ocrx_word' id='word_1_40' title='bbox 688 439 802 471; x_wconf 90' lang='lat' dir='ltr'>erunt</span> <span class='ocrx_word' id='word_1_41' title='bbox 821 439 889 471; x_wconf 91' lang='lat' dir='ltr'>aut</span> <span class='ocrx_word' id='word_1_42' title='bbox 908 439 1061 482; x_wconf 87' lang='lat' dir='ltr'>tenues,</span> <span class='ocrx_word' id='word_1_43' title='bbox 1081 433 1296 472; x_wconf 89' lang='lat' dir='ltr'>dicendum</span> <span class='ocrx_word' id='word_1_44' title='bbox 1321 434 1392 473; x_wconf 88' lang='lat' dir='ltr'>erit</span> <span class='ocrx_word' id='word_1_45' title='bbox 1411 447 1494 473; x_wconf 91' lang='lat' dir='ltr'>non</span> 
     </span>
     <span class='ocr_line' id='line_1_6' title="bbox 129 497 1494 550; baseline 0.003 -15"><span class='ocrx_word' id='word_1_46' title='bbox 129 511 148 546; x_wconf 87' lang='lat'><strong>5</strong></span> <span class='ocrx_word' id='word_1_47' title='bbox 164 508 250 536; x_wconf 90' lang='lat' dir='ltr'>esse</span> <span class='ocrx_word' id='word_1_48' title='bbox 273 509 322 536; x_wconf 83' lang='lat' dir='ltr'>ex</span> <span class='ocrx_word' id='word_1_49' title='bbox 343 497 499 535; x_wconf 89' lang='lat' dir='ltr'>fortuna</span> <span class='ocrx_word' id='word_1_50' title='bbox 522 497 643 536; x_wconf 88' lang='lat' dir='ltr'>fidem</span> <span class='ocrx_word' id='word_1_51' title='bbox 671 498 972 548; x_wconf 85' lang='lat' dir='ltr'>ponderandam</span> <span class='ocrx_word' id='word_1_52' title='bbox 1001 506 1069 537; x_wconf 92' lang='lat' dir='ltr'>aut</span> <span class='ocrx_word' id='word_1_53' title='bbox 1095 512 1163 538; x_wconf 91' lang='lat' dir='ltr'>eos</span> <span class='ocrx_word' id='word_1_54' title='bbox 1189 512 1275 538; x_wconf 93' lang='lat' dir='ltr'>esse</span> <span class='ocrx_word' id='word_1_55' title='bbox 1302 499 1494 550; x_wconf 90' lang='lat' dir='ltr'>cuiusque</span> 
     </span>
     <span class='ocr_line' id='line_1_7' title="bbox 163 561 1494 615; baseline 0.002 -14"><span class='ocrx_word' id='word_1_56' title='bbox 163 561 219 601; x_wconf 87' lang='lat' dir='ltr'>rei</span> <span class='ocrx_word' id='word_1_57' title='bbox 255 561 587 613; x_wconf 89' lang='lat' dir='ltr'>locupletissimos</span> <span class='ocrx_word' id='word_1_58' title='bbox 624 562 745 611; x_wconf 91' lang='lat' dir='ltr'>testis,</span> <span class='ocrx_word' id='word_1_59' title='bbox 781 562 850 613; x_wconf 94' lang='lat' dir='ltr'>qui</span> <span class='ocrx_word' id='word_1_60' title='bbox 887 563 940 612; x_wconf 91' lang='lat' dir='ltr'>id,</span> <span class='ocrx_word' id='word_1_61' title='bbox 980 565 1090 614; x_wconf 92' lang='lat' dir='ltr'>quod</span> <span class='ocrx_word' id='word_1_62' title='bbox 1127 572 1273 615; x_wconf 86' lang='lat' dir='ltr'>agatur,</span> <span class='ocrx_word' id='word_1_63' title='bbox 1309 565 1494 604; x_wconf 86' lang='lat' dir='ltr'>facillime</span> 
     </span>
     <span class='ocr_line' id='line_1_8' title="bbox 163 626 1494 680; baseline 0.002 -15"><span class='ocrx_word' id='word_1_64' title='bbox 163 626 262 666; x_wconf 90' lang='lat' dir='ltr'>scire</span> <span class='ocrx_word' id='word_1_65' title='bbox 294 626 458 677; x_wconf 86' lang='lat' dir='ltr'>possint.</span> <span class='ocrx_word' id='word_1_66' title='bbox 520 626 590 666; x_wconf 91' lang='lat' dir='ltr'>Sin</span> <span class='ocrx_word' id='word_1_67' title='bbox 618 626 871 677; x_wconf 87' lang='lat' dir='ltr'>quaestiones</span> <span class='ocrx_word' id='word_1_68' title='bbox 908 627 1067 667; x_wconf 87' lang='lat' dir='ltr'>habitae</span> <span class='ocrx_word' id='word_1_69' title='bbox 1104 636 1172 667; x_wconf 86' lang='lat' dir='ltr'>aut</span> <span class='ocrx_word' id='word_1_70' title='bbox 1199 628 1428 680; x_wconf 87' lang='lat' dir='ltr'>postulatio,</span> <span class='ocrx_word' id='word_1_71' title='bbox 1450 636 1494 668; x_wconf 91' lang='lat' dir='ltr'>ut</span> 
     </span>
     <span class='ocr_line' id='line_1_9' title="bbox 162 691 1494 745; baseline 0.002 -15"><span class='ocrx_word' id='word_1_72' title='bbox 162 691 393 739; x_wconf 89' lang='lat' dir='ltr'>habeantur,</span> <span class='ocrx_word' id='word_1_73' title='bbox 418 704 577 730; x_wconf 91' lang='lat' dir='ltr'>causam</span> <span class='ocrx_word' id='word_1_74' title='bbox 605 691 861 740; x_wconf 89' lang='lat' dir='ltr'>adiuvabunt‚</span> <span class='ocrx_word' id='word_1_75' title='bbox 887 693 1206 732; x_wconf 89' lang='lat' dir='ltr'>confirmandum</span> <span class='ocrx_word' id='word_1_76' title='bbox 1235 693 1406 744; x_wconf 90' lang='lat' dir='ltr'>primum</span> <span class='ocrx_word' id='word_1_77' title='bbox 1432 707 1494 745; x_wconf 89' lang='lat' dir='ltr'>ge-</span> 
     </span>
     <span class='ocr_line' id='line_1_10' title="bbox 162 755 1493 809; baseline 0.002 -14"><span class='ocrx_word' id='word_1_78' title='bbox 162 769 237 796; x_wconf 91' lang='lat' dir='ltr'>nus</span> <span class='ocrx_word' id='word_1_79' title='bbox 265 755 337 796; x_wconf 89' lang='lat' dir='ltr'>erit</span> <span class='ocrx_word' id='word_1_80' title='bbox 356 756 634 808; x_wconf 86' lang='lat' dir='ltr'>quaestionum</span> <span class='ocrx_word' id='word_1_81' title='bbox 650 771 661 806; x_wconf 81' lang='lat'>3</span> <span class='ocrx_word' id='word_1_82' title='bbox 689 756 904 796; x_wconf 90' lang='lat' dir='ltr'>dicendum</span> <span class='ocrx_word' id='word_1_83' title='bbox 925 758 976 797; x_wconf 89' lang='lat' dir='ltr'>de</span> <span class='ocrx_word' id='word_1_84' title='bbox 995 757 1033 796; x_wconf 93' lang='lat' dir='ltr'>vi</span> <span class='ocrx_word' id='word_1_85' title='bbox 1052 757 1210 806; x_wconf 88' lang='lat' dir='ltr'>doloris,</span> <span class='ocrx_word' id='word_1_86' title='bbox 1232 760 1283 798; x_wconf 92' lang='lat' dir='ltr'>de</span> <span class='ocrx_word' id='word_1_87' title='bbox 1304 758 1493 809; x_wconf 90' lang='lat' dir='ltr'>opinione</span> 
     </span>
     <span class='ocr_line' id='line_1_11' title="bbox 105 821 1492 875; baseline 0.002 -15"><span class='ocrx_word' id='word_1_88' title='bbox 105 836 148 860; x_wconf 72' lang='grc' dir='ltr'>ιο</span> <span class='ocrx_word' id='word_1_89' title='bbox 163 821 368 870; x_wconf 89' lang='lat' dir='ltr'>maiorum,</span> <span class='ocrx_word' id='word_1_90' title='bbox 399 821 468 873; x_wconf 91' lang='lat' dir='ltr'>qui</span> <span class='ocrx_word' id='word_1_91' title='bbox 500 835 582 861; x_wconf 90' lang='lat' dir='ltr'>rem</span> <span class='ocrx_word' id='word_1_92' title='bbox 615 829 751 870; x_wconf 89' lang='lat' dir='ltr'>totam,</span> <span class='ocrx_word' id='word_1_93' title='bbox 782 821 857 861; x_wconf 93' lang='lat' dir='ltr'>nisi</span> <span class='ocrx_word' id='word_1_94' title='bbox 886 822 1132 873; x_wconf 85' lang='lat' dir='ltr'>probassent,</span> <span class='ocrx_word' id='word_1_95' title='bbox 1160 830 1265 863; x_wconf 90' lang='lat' dir='ltr'>certe</span> <span class='ocrx_word' id='word_1_96' title='bbox 1294 824 1492 875; x_wconf 87' lang='lat' dir='ltr'>repudias-</span> 
     </span>
     <span class='ocr_line' id='line_1_12' title="bbox 162 886 1574 937; baseline 0.001 -11"><span class='ocrx_word' id='word_1_97' title='bbox 162 894 274 936; x_wconf 81' lang='lat' dir='ltr'>sent3</span> <span class='ocrx_word' id='word_1_98' title='bbox 296 887 347 926; x_wconf 90' lang='lat' dir='ltr'>de</span> <span class='ocrx_word' id='word_1_99' title='bbox 362 886 549 927; x_wconf 90' lang='lat' dir='ltr'>institutis</span> <span class='ocrx_word' id='word_1_100' title='bbox 563 886 879 936; x_wconf 87' lang='lat' dir='ltr'>Atheniensium,</span> <span class='ocrx_word' id='word_1_101' title='bbox 895 888 1158 937; x_wconf 92' lang='lat' dir='ltr'>Rhodiorum,</span> <span class='ocrx_word' id='word_1_102' title='bbox 1173 889 1493 929; x_wconf 86' lang='lat' dir='ltr'>doctissimorum</span> <span class='ocrx_word' id='word_1_103' title='bbox 1514 893 1574 924; x_wconf 83' lang='lat'>118</span> 
     </span>
     <span class='ocr_line' id='line_1_13' title="bbox 161 951 1493 1004; baseline 0.003 -14"><span class='ocrx_word' id='word_1_104' title='bbox 161 951 382 1000; x_wconf 88' lang='lat' dir='ltr'>hominum,</span> <span class='ocrx_word' id='word_1_105' title='bbox 409 953 516 1003; x_wconf 90' lang='lat' dir='ltr'>apud</span> <span class='ocrx_word' id='word_1_106' title='bbox 542 965 643 1003; x_wconf 94' lang='lat' dir='ltr'>quos</span> <span class='ocrx_word' id='word_1_107' title='bbox 671 952 887 993; x_wconf 90' lang='lat' dir='ltr'>etiam—id</span> <span class='ocrx_word' id='word_1_108' title='bbox 914 955 1023 1004; x_wconf 93' lang='lat' dir='ltr'>quod</span> <span class='ocrx_word' id='word_1_109' title='bbox 1051 954 1350 994; x_wconf 88' lang='lat' dir='ltr'>acerbissimum</span> <span class='ocrx_word' id='word_1_110' title='bbox 1379 962 1493 994; x_wconf 88' lang='lat' dir='ltr'>est-</span> 
     </span>
     <span class='ocr_line' id='line_1_14' title="bbox 161 1015 1494 1070; baseline 0.004 -16"><span class='ocrx_word' id='word_1_111' title='bbox 161 1015 274 1055; x_wconf 90' lang='lat' dir='ltr'>liberi</span> <span class='ocrx_word' id='word_1_112' title='bbox 303 1015 488 1067; x_wconf 90' lang='lat' dir='ltr'>civesque</span> <span class='ocrx_word' id='word_1_113' title='bbox 521 1024 764 1067; x_wconf 87' lang='lat' dir='ltr'>torquentur,</span> <span class='ocrx_word' id='word_1_114' title='bbox 792 1019 844 1057; x_wconf 92' lang='lat' dir='ltr'>de</span> <span class='ocrx_word' id='word_1_115' title='bbox 873 1025 1097 1058; x_wconf 92' lang='lat' dir='ltr'>nostrorum</span> <span class='ocrx_word' id='word_1_116' title='bbox 1127 1018 1245 1058; x_wconf 89' lang='lat' dir='ltr'>etiam</span> <span class='ocrx_word' id='word_1_117' title='bbox 1274 1020 1494 1070; x_wconf 88' lang='lat' dir='ltr'>prudentis-</span> 
     </span>
     <span class='ocr_line' id='line_1_15' title="bbox 161 1079 1491 1134; baseline 0.004 -15"><span class='ocrx_word' id='word_1_118' title='bbox 161 1079 350 1120; x_wconf 89' lang='lat' dir='ltr'>simorum</span> <span class='ocrx_word' id='word_1_119' title='bbox 377 1081 586 1121; x_wconf 90' lang='lat' dir='ltr'>hominurn</span> <span class='ocrx_word' id='word_1_120' title='bbox 613 1082 810 1131; x_wconf 89' lang='lat' dir='ltr'>institutis,</span> <span class='ocrx_word' id='word_1_121' title='bbox 834 1083 902 1134; x_wconf 91' lang='lat' dir='ltr'>qui</span> <span class='ocrx_word' id='word_1_122' title='bbox 922 1096 1014 1122; x_wconf 93' lang='lat' dir='ltr'>cum</span> <span class='ocrx_word' id='word_1_123' title='bbox 1033 1083 1074 1122; x_wconf 91' lang='lat' dir='ltr'>in</span> <span class='ocrx_word' id='word_1_124' title='bbox 1095 1083 1280 1124; x_wconf 92' lang='lat' dir='ltr'>dominos</span> <span class='ocrx_word' id='word_1_125' title='bbox 1300 1085 1351 1124; x_wconf 91' lang='lat' dir='ltr'>de</span> <span class='ocrx_word' id='word_1_126' title='bbox 1371 1085 1491 1124; x_wconf 91' lang='lat' dir='ltr'>servis</span> 
     </span>
     <span class='ocr_line' id='line_1_16' title="bbox 103 1145 1491 1200; baseline 0.002 -14"><span class='ocrx_word' id='word_1_127' title='bbox 103 1163 143 1196; x_wconf 84' lang='lat'>¹5</span> <span class='ocrx_word' id='word_1_128' title='bbox 160 1145 296 1196; x_wconf 82' lang='lat' dir='ltr'>quaeri</span> <span class='ocrx_word' id='word_1_129' title='bbox 318 1146 547 1194; x_wconf 87' lang='lat' dir='ltr'>noluissent,</span> <span class='ocrx_word' id='word_1_130' title='bbox 566 1154 699 1187; x_wconf 87' lang='lat' dir='ltr'>tamen</span> <span class='ocrx_word' id='word_1_131' title='bbox 719 1149 770 1187; x_wconf 91' lang='lat' dir='ltr'>de</span> <span class='ocrx_word' id='word_1_132' title='bbox 789 1147 942 1187; x_wconf 91' lang='lat' dir='ltr'>incestu</span> <span class='ocrx_word' id='word_1_133' title='bbox 962 1155 1001 1188; x_wconf 91' lang='lat' dir='ltr'>et</span> <span class='ocrx_word' id='word_1_134' title='bbox 1020 1149 1072 1188; x_wconf 92' lang='lat' dir='ltr'>de</span> <span class='ocrx_word' id='word_1_135' title='bbox 1091 1149 1373 1198; x_wconf 88' lang='lat' dir='ltr'>coniuratione,</span> <span class='ocrx_word' id='word_1_136' title='bbox 1389 1163 1491 1200; x_wconf 89' lang='lat' dir='ltr'>quae</span> 
     </span>
     <span class='ocr_line' id='line_1_17' title="bbox 159 1211 1492 1263; baseline 0.004 -14"><span class='ocrx_word' id='word_1_137' title='bbox 159 1211 263 1250; x_wconf 89' lang='lat' dir='ltr'>facta</span> <span class='ocrx_word' id='word_1_138' title='bbox 295 1224 359 1250; x_wconf 92' lang='lat' dir='ltr'>me</span> <span class='ocrx_word' id='word_1_139' title='bbox 390 1212 553 1251; x_wconf 93' lang='lat' dir='ltr'>consule</span> <span class='ocrx_word' id='word_1_140' title='bbox 580 1219 650 1260; x_wconf 92' lang='lat' dir='ltr'>est,</span> <span class='ocrx_word' id='word_1_141' title='bbox 672 1214 943 1263; x_wconf 89' lang='lat' dir='ltr'>quaerendum</span> <span class='ocrx_word' id='word_1_142' title='bbox 968 1221 1215 1263; x_wconf 87' lang='lat' dir='ltr'>putaverunt.</span> <span class='ocrx_word' id='word_1_143' title='bbox 1274 1214 1492 1254; x_wconf 89' lang='lat' dir='ltr'>Inridenda</span> 
     </span>
     <span class='ocr_line' id='line_1_18' title="bbox 160 1274 1489 1330; baseline 0.003 -16"><span class='ocrx_word' id='word_1_144' title='bbox 160 1275 279 1315; x_wconf 82' lang='lat' dir='ltr'>etiam</span> <span class='ocrx_word' id='word_1_145' title='bbox 305 1275 521 1327; x_wconf 88' lang='lat' dir='ltr'>disputatio</span> <span class='ocrx_word' id='word_1_146' title='bbox 550 1274 654 1330; x_wconf 92' lang='lat' dir='ltr'>[est],</span> <span class='ocrx_word' id='word_1_147' title='bbox 677 1290 755 1327; x_wconf 86' lang='lat' dir='ltr'>qua</span> <span class='ocrx_word' id='word_1_148' title='bbox 784 1279 912 1317; x_wconf 90' lang='lat' dir='ltr'>solent</span> <span class='ocrx_word' id='word_1_149' title='bbox 938 1277 995 1316; x_wconf 92' lang='lat' dir='ltr'>uti</span> <span class='ocrx_word' id='word_1_150' title='bbox 1020 1279 1072 1318; x_wconf 88' lang='lat' dir='ltr'>ad</span> <span class='ocrx_word' id='word_1_151' title='bbox 1097 1278 1353 1318; x_wconf 86' lang='lat' dir='ltr'>infirmandas</span> <span class='ocrx_word' id='word_1_152' title='bbox 1374 1293 1489 1330; x_wconf 88' lang='lat' dir='ltr'>quae-</span> 
     </span>
     <span class='ocr_line' id='line_1_19' title="bbox 160 1339 1491 1393; baseline 0.003 -14"><span class='ocrx_word' id='word_1_153' title='bbox 160 1339 320 1389; x_wconf 87' lang='lat' dir='ltr'>stiones,</span> <span class='ocrx_word' id='word_1_154' title='bbox 354 1348 393 1380; x_wconf 90' lang='lat' dir='ltr'>et</span> <span class='ocrx_word' id='word_1_155' title='bbox 430 1341 620 1381; x_wconf 89' lang='lat' dir='ltr'>meditata</span> <span class='ocrx_word' id='word_1_156' title='bbox 651 1342 890 1393; x_wconf 91' lang='lat' dir='ltr'>puerilisque</span> <span class='ocrx_word' id='word_1_157' title='bbox 926 1343 1107 1383; x_wconf 89' lang='lat' dir='ltr'>dicenda.</span> <span class='ocrx_word' id='word_1_158' title='bbox 1166 1345 1271 1382; x_wconf 91' lang='lat' dir='ltr'>Tum</span> <span class='ocrx_word' id='word_1_159' title='bbox 1309 1344 1491 1384; x_wconf 88' lang='lat' dir='ltr'>facienda</span> 
     </span>
     <span class='ocr_line' id='line_1_20' title="bbox 160 1405 1490 1459; baseline 0.002 -15"><span class='ocrx_word' id='word_1_160' title='bbox 160 1405 259 1445; x_wconf 90' lang='lat' dir='ltr'>fides</span> <span class='ocrx_word' id='word_1_161' title='bbox 284 1405 491 1456; x_wconf 85' lang='lat' dir='ltr'>diligenter</span> <span class='ocrx_word' id='word_1_162' title='bbox 518 1418 604 1445; x_wconf 87' lang='lat' dir='ltr'>esse</span> <span class='ocrx_word' id='word_1_163' title='bbox 632 1413 671 1446; x_wconf 92' lang='lat' dir='ltr'>et</span> <span class='ocrx_word' id='word_1_164' title='bbox 697 1405 782 1446; x_wconf 90' lang='lat' dir='ltr'>sine</span> <span class='ocrx_word' id='word_1_165' title='bbox 809 1406 1026 1457; x_wconf 85' lang='lat' dir='ltr'>cupiditate</span> <span class='ocrx_word' id='word_1_166' title='bbox 1052 1407 1274 1458; x_wconf 90' lang='lat' dir='ltr'>quaesitum</span> <span class='ocrx_word' id='word_1_167' title='bbox 1304 1407 1490 1459; x_wconf 90' lang='lat' dir='ltr'>dictaque</span> 
     </span>
     <span class='ocr_line' id='line_1_21' title="bbox 102 1470 1487 1524; baseline 0.003 -15"><span class='ocrx_word' id='word_1_168' title='bbox 102 1488 143 1510; x_wconf 83' lang='lat'>20</span> <span class='ocrx_word' id='word_1_169' title='bbox 160 1470 402 1522; x_wconf 87' lang='lat' dir='ltr'>quaestionis</span> <span class='ocrx_word' id='word_1_170' title='bbox 433 1471 673 1521; x_wconf 86' lang='lat' dir='ltr'>argumentis</span> <span class='ocrx_word' id='word_1_171' title='bbox 705 1479 745 1511; x_wconf 89' lang='lat' dir='ltr'>et</span> <span class='ocrx_word' id='word_1_172' title='bbox 772 1471 1000 1511; x_wconf 88' lang='lat' dir='ltr'>coniectura</span> <span class='ocrx_word' id='word_1_173' title='bbox 1026 1473 1295 1524; x_wconf 89' lang='lat' dir='ltr'>ponderanda.</span> <span class='ocrx_word' id='word_1_174' title='bbox 1353 1475 1487 1524; x_wconf 90' lang='lat' dir='ltr'>Atque</span> 
     </span>
     <span class='ocr_line' id='line_1_22' title="bbox 159 1516 1555 1600; baseline 0.002 -25"><span class='ocrx_word' id='word_1_175' title='bbox 159 1536 258 1575; x_wconf 91' lang='lat' dir='ltr'>haec</span> <span class='ocrx_word' id='word_1_176' title='bbox 289 1535 552 1575; x_wconf 88' lang='lat' dir='ltr'>accusationis</span> <span class='ocrx_word' id='word_1_177' title='bbox 584 1537 664 1576; x_wconf 91' lang='lat' dir='ltr'>fere</span> <span class='ocrx_word' id='word_1_178' title='bbox 696 1537 876 1576; x_wconf 91' lang='lat' dir='ltr'>membra</span> <span class='ocrx_word' id='word_1_179' title='bbox 907 1544 1009 1576; x_wconf 90' lang='lat' dir='ltr'>sunt.</span> <span class='ocrx_word' id='word_1_180' title='bbox 1069 1538 1323 1578; x_wconf 89' lang='lat' dir='ltr'>Defensionis</span> <span class='ocrx_word' id='word_1_181' title='bbox 1352 1546 1485 1578; x_wconf 90' lang='lat' dir='ltr'>autem</span> <span class='ocrx_word' id='word_1_182' title='bbox 1503 1516 1555 1600; x_wconf 59' lang='lat'>{3¹⁵</span> 
     </span>
     <span class='ocr_line' id='line_1_23' title="bbox 158 1600 1487 1652; baseline 0.003 -13"><span class='ocrx_word' id='word_1_183' title='bbox 158 1600 329 1652; x_wconf 89' lang='lat' dir='ltr'>primum</span> <span class='ocrx_word' id='word_1_184' title='bbox 356 1600 568 1640; x_wconf 89' lang='lat' dir='ltr'>infirmatio</span> <span class='ocrx_word' id='word_1_185' title='bbox 594 1614 811 1649; x_wconf 85' lang='lat' dir='ltr'>causarum,</span> <span class='ocrx_word' id='word_1_186' title='bbox 833 1609 901 1641; x_wconf 90' lang='lat' dir='ltr'>aut</span> <span class='ocrx_word' id='word_1_187' title='bbox 920 1615 1003 1641; x_wconf 91' lang='lat' dir='ltr'>non</span> <span class='ocrx_word' id='word_1_188' title='bbox 1028 1602 1147 1642; x_wconf 91' lang='lat' dir='ltr'>fuisse</span> <span class='ocrx_word' id='word_1_189' title='bbox 1170 1610 1238 1642; x_wconf 90' lang='lat' dir='ltr'>aut</span> <span class='ocrx_word' id='word_1_190' title='bbox 1257 1617 1339 1643; x_wconf 89' lang='lat' dir='ltr'>non</span> <span class='ocrx_word' id='word_1_191' title='bbox 1359 1611 1487 1643; x_wconf 88' lang='lat' dir='ltr'>tantas</span> 
     </span>
     <span class='ocr_line' id='line_1_24' title="bbox 159 1665 1485 1720; baseline 0.003 -16"><span class='ocrx_word' id='word_1_192' title='bbox 159 1673 226 1705; x_wconf 90' lang='lat' dir='ltr'>aut</span> <span class='ocrx_word' id='word_1_193' title='bbox 252 1679 335 1705; x_wconf 90' lang='lat' dir='ltr'>non</span> <span class='ocrx_word' id='word_1_194' title='bbox 363 1665 438 1705; x_wconf 91' lang='lat' dir='ltr'>sibi</span> <span class='ocrx_word' id='word_1_195' title='bbox 467 1666 540 1706; x_wconf 93' lang='lat' dir='ltr'>soli</span> <span class='ocrx_word' id='word_1_196' title='bbox 568 1673 636 1705; x_wconf 89' lang='lat' dir='ltr'>aut</span> <span class='ocrx_word' id='word_1_197' title='bbox 664 1667 915 1706; x_wconf 90' lang='lat' dir='ltr'>commodius</span> <span class='ocrx_word' id='word_1_198' title='bbox 943 1667 1119 1718; x_wconf 92' lang='lat' dir='ltr'>potuisse</span> <span class='ocrx_word' id='word_1_199' title='bbox 1147 1668 1255 1707; x_wconf 89' lang='lat' dir='ltr'>idem</span> <span class='ocrx_word' id='word_1_200' title='bbox 1283 1668 1485 1720; x_wconf 90' lang='lat' dir='ltr'>consequi,</span> 
     </span>
     <span class='ocr_line' id='line_1_25' title="bbox 158 1731 1488 1781; baseline 0.002 -11"><span class='ocrx_word' id='word_1_201' title='bbox 158 1737 227 1770; x_wconf 90' lang='lat' dir='ltr'>aut</span> <span class='ocrx_word' id='word_1_202' title='bbox 252 1744 334 1770; x_wconf 89' lang='lat' dir='ltr'>non</span> <span class='ocrx_word' id='word_1_203' title='bbox 360 1731 416 1771; x_wconf 93' lang='lat' dir='ltr'>eis</span> <span class='ocrx_word' id='word_1_204' title='bbox 442 1744 484 1771; x_wconf 90' lang='lat' dir='ltr'>se</span> <span class='ocrx_word' id='word_1_205' title='bbox 510 1745 596 1771; x_wconf 92' lang='lat' dir='ltr'>esse</span> <span class='ocrx_word' id='word_1_206' title='bbox 621 1732 808 1781; x_wconf 89' lang='lat' dir='ltr'>moribus,</span> <span class='ocrx_word' id='word_1_207' title='bbox 829 1746 912 1772; x_wconf 92' lang='lat' dir='ltr'>non</span> <span class='ocrx_word' id='word_1_208' title='bbox 938 1746 985 1772; x_wconf 88' lang='lat' dir='ltr'>ea</span> <span class='ocrx_word' id='word_1_209' title='bbox 1010 1732 1099 1781; x_wconf 88' lang='lat' dir='ltr'>vita,</span> <span class='ocrx_word' id='word_1_210' title='bbox 1124 1740 1192 1772; x_wconf 89' lang='lat' dir='ltr'>aut</span> <span class='ocrx_word' id='word_1_211' title='bbox 1210 1735 1341 1773; x_wconf 90' lang='lat' dir='ltr'>nullos</span> <span class='ocrx_word' id='word_1_212' title='bbox 1365 1733 1488 1773; x_wconf 89' lang='lat' dir='ltr'>animi</span> 
     </span>
     <span class='ocr_line' id='line_1_26' title="bbox 102 1797 1489 1848; baseline 0.001 -11"><span class='ocrx_word' id='word_1_213' title='bbox 102 1814 141 1848; x_wconf 85' lang='lat'>25</span> <span class='ocrx_word' id='word_1_214' title='bbox 160 1803 291 1835; x_wconf 90' lang='lat' dir='ltr'>motus</span> <span class='ocrx_word' id='word_1_215' title='bbox 316 1804 385 1835; x_wconf 88' lang='lat' dir='ltr'>aut</span> <span class='ocrx_word' id='word_1_216' title='bbox 407 1810 489 1836; x_wconf 90' lang='lat' dir='ltr'>non</span> <span class='ocrx_word' id='word_1_217' title='bbox 510 1804 590 1836; x_wconf 87' lang='lat' dir='ltr'>tam</span> <span class='ocrx_word' id='word_1_218' title='bbox 610 1797 840 1848; x_wconf 88' lang='lat' dir='ltr'>impotentis</span> <span class='ocrx_word' id='word_1_219' title='bbox 863 1797 992 1837; x_wconf 87' lang='lat' dir='ltr'>fuisse.</span> <span class='ocrx_word' id='word_1_220' title='bbox 1051 1799 1300 1837; x_wconf 89' lang='lat' dir='ltr'>Facultatum</span> <span class='ocrx_word' id='word_1_221' title='bbox 1319 1798 1489 1839; x_wconf 88' lang='lat' dir='ltr'>infirma-</span> 
     </span>
     <span class='ocr_line' id='line_1_27' title="bbox 158 1860 1488 1915; baseline 0.002 -15"><span class='ocrx_word' id='word_1_222' title='bbox 158 1860 267 1901; x_wconf 89' lang='lat' dir='ltr'>tione</span> <span class='ocrx_word' id='word_1_223' title='bbox 291 1869 423 1901; x_wconf 91' lang='lat' dir='ltr'>autem</span> <span class='ocrx_word' id='word_1_224' title='bbox 450 1869 590 1909; x_wconf 89' lang='lat' dir='ltr'>utetur,</span> <span class='ocrx_word' id='word_1_225' title='bbox 613 1862 643 1901; x_wconf 90' lang='lat' dir='ltr'>si</span> <span class='ocrx_word' id='word_1_226' title='bbox 671 1870 738 1901; x_wconf 88' lang='lat' dir='ltr'>aut</span> <span class='ocrx_word' id='word_1_227' title='bbox 756 1862 856 1902; x_wconf 92' lang='lat' dir='ltr'>vires</span> <span class='ocrx_word' id='word_1_228' title='bbox 881 1870 948 1902; x_wconf 91' lang='lat' dir='ltr'>aut</span> <span class='ocrx_word' id='word_1_229' title='bbox 970 1862 1148 1902; x_wconf 89' lang='lat' dir='ltr'>animum</span> <span class='ocrx_word' id='word_1_230' title='bbox 1174 1871 1241 1902; x_wconf 90' lang='lat' dir='ltr'>aut</span> <span class='ocrx_word' id='word_1_231' title='bbox 1260 1863 1394 1915; x_wconf 87' lang='lat' dir='ltr'>copias</span> <span class='ocrx_word' id='word_1_232' title='bbox 1420 1874 1488 1903; x_wconf 89' lang='lat' dir='ltr'>aut</span> 
     </span>
     <span class='ocr_line' id='line_1_28' title="bbox 158 1927 1485 1980; baseline 0.002 -14"><span class='ocrx_word' id='word_1_233' title='bbox 158 1939 254 1978; x_wconf 91' lang='lat' dir='ltr'>opes</span> <span class='ocrx_word' id='word_1_234' title='bbox 282 1928 426 1967; x_wconf 87' lang='lat' dir='ltr'>afuisse</span> <span class='ocrx_word' id='word_1_235' title='bbox 455 1927 752 1975; x_wconf 86' lang='lat' dir='ltr'>demonstrabit,</span> <span class='ocrx_word' id='word_1_236' title='bbox 781 1936 849 1967; x_wconf 91' lang='lat' dir='ltr'>aut</span> <span class='ocrx_word' id='word_1_237' title='bbox 873 1928 1047 1968; x_wconf 90' lang='lat' dir='ltr'>alienum</span> <span class='ocrx_word' id='word_1_238' title='bbox 1076 1935 1232 1980; x_wconf 89' lang='lat' dir='ltr'>tempus</span> <span class='ocrx_word' id='word_1_239' title='bbox 1260 1937 1328 1968; x_wconf 89' lang='lat' dir='ltr'>aut</span> <span class='ocrx_word' id='word_1_240' title='bbox 1353 1931 1485 1969; x_wconf 90' lang='lat' dir='ltr'>locum</span> 
     </span>
     <span class='ocr_line' id='line_1_29' title="bbox 157 1992 1484 2044; baseline 0.003 -14"><span class='ocrx_word' id='word_1_241' title='bbox 157 2005 239 2032; x_wconf 92' lang='lat' dir='ltr'>non</span> <span class='ocrx_word' id='word_1_242' title='bbox 264 1992 455 2032; x_wconf 89' lang='lat' dir='ltr'>idoneum</span> <span class='ocrx_word' id='word_1_243' title='bbox 480 2000 548 2032; x_wconf 90' lang='lat' dir='ltr'>aut</span> <span class='ocrx_word' id='word_1_244' title='bbox 569 1995 714 2032; x_wconf 90' lang='lat' dir='ltr'>multos</span> <span class='ocrx_word' id='word_1_245' title='bbox 739 1993 916 2041; x_wconf 90' lang='lat' dir='ltr'>arbitros,</span> <span class='ocrx_word' id='word_1_246' title='bbox 939 2007 1107 2044; x_wconf 88' lang='lat' dir='ltr'>quorum</span> <span class='ocrx_word' id='word_1_247' title='bbox 1128 1995 1304 2034; x_wconf 87' lang='lat' dir='ltr'>crederet</span> <span class='ocrx_word' id='word_1_248' title='bbox 1322 1995 1484 2043; x_wconf 90' lang='lat' dir='ltr'>nemini,</span> 
     </span>
     <span class='ocr_line' id='line_1_30' title="bbox 156 2058 1486 2110; baseline 0.002 -14"><span class='ocrx_word' id='word_1_249' title='bbox 156 2064 224 2096; x_wconf 88' lang='lat' dir='ltr'>aut</span> <span class='ocrx_word' id='word_1_250' title='bbox 249 2069 331 2096; x_wconf 91' lang='lat' dir='ltr'>non</span> <span class='ocrx_word' id='word_1_251' title='bbox 361 2071 402 2097; x_wconf 92' lang='lat' dir='ltr'>se</span> <span class='ocrx_word' id='word_1_252' title='bbox 430 2066 510 2097; x_wconf 88' lang='lat' dir='ltr'>tam</span> <span class='ocrx_word' id='word_1_253' title='bbox 539 2066 730 2109; x_wconf 86' lang='lat' dir='ltr'>apertum,</span> <span class='ocrx_word' id='word_1_254' title='bbox 758 2066 802 2097; x_wconf 89' lang='lat' dir='ltr'>ut</span> <span class='ocrx_word' id='word_1_255' title='bbox 826 2058 868 2098; x_wconf 93' lang='lat' dir='ltr'>id</span> <span class='ocrx_word' id='word_1_256' title='bbox 898 2058 1123 2110; x_wconf 90' lang='lat' dir='ltr'>susciperet,</span> <span class='ocrx_word' id='word_1_257' title='bbox 1150 2060 1260 2110; x_wconf 92' lang='lat' dir='ltr'>quod</span> <span class='ocrx_word' id='word_1_258' title='bbox 1289 2061 1486 2100; x_wconf 87' lang='lat' dir='ltr'>occultare</span> 
     </span>
     <span class='ocr_line' id='line_1_31' title="bbox 100 2124 1486 2175; baseline 0.001 -13"><span class='ocrx_word' id='word_1_259' title='bbox 100 2138 142 2171; x_wconf 76' lang='lat'>30</span> <span class='ocrx_word' id='word_1_260' title='bbox 157 2135 239 2162; x_wconf 85' lang='lat' dir='ltr'>non</span> <span class='ocrx_word' id='word_1_261' title='bbox 276 2131 422 2174; x_wconf 92' lang='lat' dir='ltr'>posset,</span> <span class='ocrx_word' id='word_1_262' title='bbox 457 2137 588 2174; x_wconf 91' lang='lat' dir='ltr'>neque</span> <span class='ocrx_word' id='word_1_263' title='bbox 625 2131 706 2162; x_wconf 89' lang='lat' dir='ltr'>tam</span> <span class='ocrx_word' id='word_1_264' title='bbox 747 2132 959 2172; x_wconf 89' lang='lat' dir='ltr'>amentem,</span> <span class='ocrx_word' id='word_1_265' title='bbox 992 2132 1035 2163; x_wconf 93' lang='lat' dir='ltr'>ut</span> <span class='ocrx_word' id='word_1_266' title='bbox 1067 2138 1216 2175; x_wconf 92' lang='lat' dir='ltr'>poenas</span> <span class='ocrx_word' id='word_1_267' title='bbox 1258 2138 1305 2164; x_wconf 86' lang='lat' dir='ltr'>ac</span> <span class='ocrx_word' id='word_1_268' title='bbox 1339 2124 1486 2164; x_wconf 90' lang='lat' dir='ltr'>iudicia</span> 
     </span>
     <span class='ocr_line' id='line_1_32' title="bbox 156 2188 1569 2242; baseline 0.004 -15"><span class='ocrx_word' id='word_1_269' title='bbox 156 2195 438 2228; x_wconf 89' lang='lat' dir='ltr'>contemneret.</span> <span class='ocrx_word' id='word_1_270' title='bbox 495 2188 793 2240; x_wconf 90' lang='lat' dir='ltr'>Consequentia</span> <span class='ocrx_word' id='word_1_271' title='bbox 823 2197 956 2228; x_wconf 89' lang='lat' dir='ltr'>autem</span> <span class='ocrx_word' id='word_1_272' title='bbox 984 2189 1109 2230; x_wconf 91' lang='lat' dir='ltr'>diluet</span> <span class='ocrx_word' id='word_1_273' title='bbox 1137 2192 1374 2242; x_wconf 90' lang='lat' dir='ltr'>exponendo</span> <span class='ocrx_word' id='word_1_274' title='bbox 1402 2203 1484 2230; x_wconf 91' lang='lat' dir='ltr'>non</span> <span class='ocrx_word' id='word_1_275' title='bbox 1506 2209 1569 2232; x_wconf 85' lang='lat'>120</span> 
     </span>
    </p>
   </div>
   <div class='ocr_carea' id='block_1_3' title="bbox 0 0 55 519">
    <p class='ocr_par' dir='ltr' id='par_1_3' title="bbox 0 0 55 519">
     <span class='ocr_line' id='line_1_33' title="bbox 0 0 55 519; baseline 0 2211"><span class='ocrx_word' id='word_1_276' title='bbox 0 0 55 519; x_wconf 95' lang='lat' dir='ltr'> </span> 
     </span>
    </p>
   </div>
   <div class='ocr_carea' id='block_1_4' title="bbox 153 2293 1488 2422">
    <p class='ocr_par' dir='ltr' id='par_1_4' title="bbox 153 2293 1488 2422">
     <span class='ocr_line' id='line_1_34' title="bbox 198 2293 1488 2334; baseline 0.002 -10"><span class='ocrx_word' id='word_1_277' title='bbox 198 2302 219 2324; x_wconf 84' lang='lat'><em>2</em></span> <span class='ocrx_word' id='word_1_278' title='bbox 241 2303 344 2334; x_wconf 83' lang='lat' dir='ltr'>posse</span> <span class='ocrx_word' id='word_1_279' title='bbox 360 2293 408 2324; x_wconf 87' lang='lat' dir='ltr'>P:</span> <span class='ocrx_word' id='word_1_280' title='bbox 432 2294 587 2334; x_wconf 88' lang='lat' dir='ltr'>potuisse</span> <span class='ocrx_word' id='word_1_281' title='bbox 613 2293 703 2326; x_wconf 86' lang='lat' dir='ltr'>codd.</span> <span class='ocrx_word' id='word_1_282' title='bbox 728 2293 802 2326; x_wconf 81' lang='lat' dir='ltr'>dett.</span> <span class='ocrx_word' id='word_1_283' title='bbox 959 2302 980 2334; x_wconf 89' lang='lat'>5</span> <span class='ocrx_word' id='word_1_284' title='bbox 1004 2293 1167 2334; x_wconf 81' lang='lat' dir='ltr'>cuiusque</span> <span class='ocrx_word' id='word_1_285' title='bbox 1190 2293 1280 2326; x_wconf 85' lang='lat' dir='ltr'>codd.</span> <span class='ocrx_word' id='word_1_286' title='bbox 1299 2305 1307 2326; x_wconf 92' lang='lat'><strong>:</strong></span> <span class='ocrx_word' id='word_1_287' title='bbox 1331 2294 1431 2327; x_wconf 90' lang='lat' dir='ltr'>huius</span> <span class='ocrx_word' id='word_1_288' title='bbox 1454 2294 1488 2326; x_wconf 84' lang='lat' dir='ltr'><em>P</em></span> 
     </span>
     <span class='ocr_line' id='line_1_35' title="bbox 153 2337 1485 2380; baseline 0.002 -12"><span class='ocrx_word' id='word_1_289' title='bbox 153 2337 176 2368; x_wconf 90' lang='lat'><strong>6</strong></span> <span class='ocrx_word' id='word_1_290' title='bbox 197 2338 289 2378; x_wconf 88' lang='lat' dir='ltr'>quod</span> <span class='ocrx_word' id='word_1_291' title='bbox 304 2337 358 2369; x_wconf 91' lang='lat' dir='ltr'>P:</span> <span class='ocrx_word' id='word_1_292' title='bbox 382 2338 424 2369; x_wconf 90' lang='lat' dir='ltr'>de</span> <span class='ocrx_word' id='word_1_293' title='bbox 440 2348 508 2379; x_wconf 87' lang='lat' dir='ltr'>quo</span> <span class='ocrx_word' id='word_1_294' title='bbox 523 2337 612 2370; x_wconf 89' lang='lat' dir='ltr'>codd.</span> <span class='ocrx_word' id='word_1_295' title='bbox 748 2338 844 2369; x_wconf 82' lang='lat' dir='ltr'>facile</span> <span class='ocrx_word' id='word_1_296' title='bbox 859 2337 894 2369; x_wconf 89' lang='lat' dir='ltr'>P</span> <span class='ocrx_word' id='word_1_297' title='bbox 1045 2347 1083 2377; x_wconf 94' lang='lat'>17</span> <span class='ocrx_word' id='word_1_298' title='bbox 1107 2342 1159 2370; x_wconf 89' lang='lat' dir='ltr'>est</span> <span class='ocrx_word' id='word_1_299' title='bbox 1177 2348 1242 2371; x_wconf 89' lang='lat' dir='ltr'>om.</span> <span class='ocrx_word' id='word_1_300' title='bbox 1258 2337 1293 2369; x_wconf 85' lang='lat' dir='ltr'><em>P</em></span> <span class='ocrx_word' id='word_1_301' title='bbox 1442 2348 1485 2380; x_wconf 84' lang='lat'>29</span> 
     </span>
     <span class='ocr_line' id='line_1_36' title="bbox 153 2381 768 2422; baseline 0.003 -11"><span class='ocrx_word' id='word_1_302' title='bbox 153 2385 307 2421; x_wconf 79' lang='lat' dir='ltr'>apertum</span> <span class='ocrx_word' id='word_1_303' title='bbox 322 2381 413 2414; x_wconf 87' lang='lat' dir='ltr'>codd.</span> <span class='ocrx_word' id='word_1_304' title='bbox 434 2393 442 2414; x_wconf 91' lang='lat'><strong>:</strong></span> <span class='ocrx_word' id='word_1_305' title='bbox 465 2381 618 2422; x_wconf 83' lang='lat' dir='ltr'>ineptum</span> <span class='ocrx_word' id='word_1_306' title='bbox 634 2381 768 2413; x_wconf 83' lang='lat' dir='ltr'>Ernesti</span> 
     </span>
    </p>
   </div>
  </div>
 </body>
</html>
