<?xml version="1.0" encoding="UTF-8"?>
<!DOCTYPE html PUBLIC "-//W3C//DTD XHTML 1.0 Transitional//EN"
    "http://www.w3.org/TR/xhtml1/DTD/xhtml1-transitional.dtd">
<html xmlns="http://www.w3.org/1999/xhtml" xml:lang="en" lang="en">
 <head>
  <title>
</title>
<meta http-equiv="Content-Type" content="text/html;charset=utf-8" />
  <meta name='ocr-system' content='tesseract 3.04.00' />
  <meta name='ocr-capabilities' content='ocr_page ocr_carea ocr_par ocr_line ocrx_word'/>
</head>
<body>
  <div class='ocr_page' id='page_1' title='image "./rhetoricarecogno02ciceuoft_0259.png"; bbox 0 0 1696 2730; ppageno 0'>
   <div class='ocr_carea' id='block_1_1' title="bbox 0 1408 47 1811">
    <p class='ocr_par' dir='ltr' id='par_1_1' title="bbox 0 1408 47 1811">
     <span class='ocr_line' id='line_1_1' title="bbox 0 1408 47 1811; baseline 0 919"><span class='ocrx_word' id='word_1_1' title='bbox 0 1408 47 1811; x_wconf 95' lang='lat' dir='ltr'> </span> 
     </span>
    </p>
   </div>
   <div class='ocr_carea' id='block_1_2' title="bbox 0 0 57 779">
    <p class='ocr_par' dir='ltr' id='par_1_2' title="bbox 0 0 57 779">
     <span class='ocr_line' id='line_1_2' title="bbox 0 0 57 779; baseline 0 1951"><span class='ocrx_word' id='word_1_2' title='bbox 0 0 57 779; x_wconf 95' lang='lat' dir='ltr'> </span> 
     </span>
    </p>
   </div>
   <div class='ocr_carea' id='block_1_3' title="bbox 745 122 1552 173">
    <p class='ocr_par' dir='ltr' id='par_1_3' title="bbox 745 122 1552 173">
     <span class='ocr_line' id='line_1_3' title="bbox 745 122 1552 173; baseline 0.015 -12"><span class='ocrx_word' id='word_1_3' title='bbox 745 122 957 164; x_wconf 90' lang='lat' dir='ltr'>TOPICA</span> <span class='ocrx_word' id='word_1_4' title='bbox 1462 142 1465 145; x_wconf 86' lang='lat'>&#39;</span> <span class='ocrx_word' id='word_1_5' title='bbox 1488 133 1513 161; x_wconf 84' lang='lat'>2</span> <span class='ocrx_word' id='word_1_6' title='bbox 1534 136 1552 173; x_wconf 88' lang='grc'>7</span> 
     </span>
    </p>
   </div>
   <div class='ocr_carea' id='block_1_4' title="bbox 178 231 1551 482">
    <p class='ocr_par' dir='ltr' id='par_1_4' title="bbox 178 231 1551 482">
     <span class='ocr_line' id='line_1_4' title="bbox 180 231 1551 284; baseline 0.002 -13"><span class='ocrx_word' id='word_1_7' title='bbox 180 233 305 281; x_wconf 85' lang='lat' dir='ltr'>sedes,</span> <span class='ocrx_word' id='word_1_8' title='bbox 327 245 349 271; x_wconf 89' lang='lat' dir='ltr'>e</span> <span class='ocrx_word' id='word_1_9' title='bbox 369 231 514 282; x_wconf 90' lang='lat' dir='ltr'>quibus</span> <span class='ocrx_word' id='word_1_10' title='bbox 533 240 765 283; x_wconf 88' lang='lat' dir='ltr'>argumenta</span> <span class='ocrx_word' id='word_1_11' title='bbox 784 241 1029 284; x_wconf 90' lang='lat' dir='ltr'>promuntur.</span> <span class='ocrx_word' id='word_1_12' title='bbox 1077 235 1218 284; x_wconf 91' lang='lat' dir='ltr'>Itaque</span> <span class='ocrx_word' id='word_1_13' title='bbox 1238 233 1329 273; x_wconf 92' lang='lat' dir='ltr'>licet</span> <span class='ocrx_word' id='word_1_14' title='bbox 1348 234 1512 274; x_wconf 88' lang='lat' dir='ltr'>definire</span> <span class='ocrx_word' id='word_1_15' title='bbox 1532 245 1551 276; x_wconf 88' lang='lat'>8</span> 
     </span>
     <span class='ocr_line' id='line_1_5' title="bbox 179 297 1513 350; baseline 0.001 -13"><span class='ocrx_word' id='word_1_16' title='bbox 179 299 313 337; x_wconf 89' lang='lat' dir='ltr'>locum</span> <span class='ocrx_word' id='word_1_17' title='bbox 333 311 420 337; x_wconf 90' lang='lat' dir='ltr'>esse</span> <span class='ocrx_word' id='word_1_18' title='bbox 439 297 660 348; x_wconf 86' lang='lat' dir='ltr'>argumenti</span> <span class='ocrx_word' id='word_1_19' title='bbox 680 299 832 347; x_wconf 89' lang='lat' dir='ltr'>sedem,</span> <span class='ocrx_word' id='word_1_20' title='bbox 851 306 1126 349; x_wconf 86' lang='lat' dir='ltr'><strong>argumentum</strong></span> <span class='ocrx_word' id='word_1_21' title='bbox 1151 306 1285 339; x_wconf 85' lang='lat' dir='ltr'>autem</span> <span class='ocrx_word' id='word_1_22' title='bbox 1305 299 1513 350; x_wconf 82' lang='lat' dir='ltr'>rationem,</span> 
     </span>
     <span class='ocr_line' id='line_1_6' title="bbox 180 362 1513 416; baseline 0.002 -14"><span class='ocrx_word' id='word_1_23' title='bbox 180 376 282 414; x_wconf 88' lang='lat' dir='ltr'>quae</span> <span class='ocrx_word' id='word_1_24' title='bbox 308 362 363 403; x_wconf 89' lang='lat' dir='ltr'>rei</span> <span class='ocrx_word' id='word_1_25' title='bbox 391 362 537 403; x_wconf 83' lang='lat' dir='ltr'>dubiae</span> <span class='ocrx_word' id='word_1_26' title='bbox 565 362 684 402; x_wconf 89' lang='lat' dir='ltr'>faciat</span> <span class='ocrx_word' id='word_1_27' title='bbox 712 364 845 402; x_wconf 89' lang='lat' dir='ltr'>fidem.</span> <span class='ocrx_word' id='word_1_28' title='bbox 905 365 984 403; x_wconf 88' lang='lat' dir='ltr'>Sed</span> <span class='ocrx_word' id='word_1_29' title='bbox 1009 378 1056 404; x_wconf 87' lang='lat' dir='ltr'>ex</span> <span class='ocrx_word' id='word_1_30' title='bbox 1081 364 1142 403; x_wconf 92' lang='lat' dir='ltr'>his</span> <span class='ocrx_word' id='word_1_31' title='bbox 1171 364 1269 404; x_wconf 92' lang='lat' dir='ltr'>locis</span> <span class='ocrx_word' id='word_1_32' title='bbox 1298 364 1339 404; x_wconf 88' lang='lat' dir='ltr'>in</span> <span class='ocrx_word' id='word_1_33' title='bbox 1368 365 1513 416; x_wconf 88' lang='lat' dir='ltr'>quibus</span> 
     </span>
     <span class='ocr_line' id='line_1_7' title="bbox 178 428 1515 482; baseline 0.001 -14"><span class='ocrx_word' id='word_1_34' title='bbox 178 436 410 478; x_wconf 84' lang='lat' dir='ltr'>argumenta</span> <span class='ocrx_word' id='word_1_35' title='bbox 447 428 600 467; x_wconf 89' lang='lat' dir='ltr'>inclusa</span> <span class='ocrx_word' id='word_1_36' title='bbox 643 435 746 478; x_wconf 86' lang='lat' dir='ltr'>sunt,</span> <span class='ocrx_word' id='word_1_37' title='bbox 785 428 851 468; x_wconf 91' lang='lat' dir='ltr'>alii</span> <span class='ocrx_word' id='word_1_38' title='bbox 896 429 936 467; x_wconf 89' lang='lat' dir='ltr'>in</span> <span class='ocrx_word' id='word_1_39' title='bbox 975 443 1023 469; x_wconf 91' lang='lat' dir='ltr'>eo</span> <span class='ocrx_word' id='word_1_40' title='bbox 1057 429 1144 480; x_wconf 89' lang='lat' dir='ltr'>ipso</span> <span class='ocrx_word' id='word_1_41' title='bbox 1181 431 1231 469; x_wconf 91' lang='lat' dir='ltr'>de</span> <span class='ocrx_word' id='word_1_42' title='bbox 1270 444 1351 481; x_wconf 92' lang='lat' dir='ltr'>quo</span> <span class='ocrx_word' id='word_1_43' title='bbox 1388 430 1515 482; x_wconf 89' lang='lat' dir='ltr'>agitur</span> 
     </span>
    </p>
   </div>
   <div class='ocr_carea' id='block_1_5' title="bbox 141 493 1511 546">
    <p class='ocr_par' dir='ltr' id='par_1_5' title="bbox 141 493 1511 546">
     <span class='ocr_line' id='line_1_8' title="bbox 141 493 1511 546; baseline 0.003 -15"><span class='ocrx_word' id='word_1_44' title='bbox 141 505 160 538; x_wconf 86' lang='lat'>5</span> <span class='ocrx_word' id='word_1_45' title='bbox 179 494 353 542; x_wconf 82' lang='lat' dir='ltr'>haerent,</span> <span class='ocrx_word' id='word_1_46' title='bbox 376 493 442 532; x_wconf 91' lang='lat' dir='ltr'>alii</span> <span class='ocrx_word' id='word_1_47' title='bbox 461 494 726 532; x_wconf 88' lang='lat' dir='ltr'>adsumuntur</span> <span class='ocrx_word' id='word_1_48' title='bbox 745 494 998 534; x_wconf 88' lang='lat' dir='ltr'>extrinsecus.</span> <span class='ocrx_word' id='word_1_49' title='bbox 1060 496 1107 534; x_wconf 93' lang='lat' dir='ltr'>In</span> <span class='ocrx_word' id='word_1_50' title='bbox 1129 495 1216 546; x_wconf 94' lang='lat' dir='ltr'>ipso</span> <span class='ocrx_word' id='word_1_51' title='bbox 1243 503 1327 535; x_wconf 90' lang='lat' dir='ltr'>tum</span> <span class='ocrx_word' id='word_1_52' title='bbox 1348 509 1396 535; x_wconf 87' lang='lat' dir='ltr'>ex</span> <span class='ocrx_word' id='word_1_53' title='bbox 1414 503 1511 544; x_wconf 92' lang='lat' dir='ltr'>toto,</span> 
     </span>
    </p>
   </div>
   <div class='ocr_carea' id='block_1_6' title="bbox 179 558 1552 807">
    <p class='ocr_par' dir='ltr' id='par_1_6' title="bbox 179 558 1552 807">
     <span class='ocr_line' id='line_1_9' title="bbox 180 558 1514 612; baseline 0.002 -14"><span class='ocrx_word' id='word_1_54' title='bbox 180 566 264 598; x_wconf 92' lang='lat' dir='ltr'>tum</span> <span class='ocrx_word' id='word_1_55' title='bbox 291 571 338 598; x_wconf 87' lang='lat' dir='ltr'>ex</span> <span class='ocrx_word' id='word_1_56' title='bbox 357 558 534 609; x_wconf 91' lang='lat' dir='ltr'>partibus</span> <span class='ocrx_word' id='word_1_57' title='bbox 561 558 655 607; x_wconf 92' lang='lat' dir='ltr'>eius,</span> <span class='ocrx_word' id='word_1_58' title='bbox 679 566 764 598; x_wconf 91' lang='lat' dir='ltr'>tum</span> <span class='ocrx_word' id='word_1_59' title='bbox 794 572 842 598; x_wconf 86' lang='lat' dir='ltr'>ex</span> <span class='ocrx_word' id='word_1_60' title='bbox 868 566 974 608; x_wconf 89' lang='lat' dir='ltr'>nota,</span> <span class='ocrx_word' id='word_1_61' title='bbox 997 567 1082 599; x_wconf 88' lang='lat' dir='ltr'>turn</span> <span class='ocrx_word' id='word_1_62' title='bbox 1112 574 1159 600; x_wconf 91' lang='lat' dir='ltr'>ex</span> <span class='ocrx_word' id='word_1_63' title='bbox 1185 560 1240 600; x_wconf 91' lang='lat' dir='ltr'>eis</span> <span class='ocrx_word' id='word_1_64' title='bbox 1268 561 1385 601; x_wconf 91' lang='lat' dir='ltr'>rebus</span> <span class='ocrx_word' id='word_1_65' title='bbox 1411 574 1514 612; x_wconf 89' lang='lat' dir='ltr'>quae</span> 
     </span>
     <span class='ocr_line' id='line_1_10' title="bbox 179 625 1510 678; baseline 0.003 -16"><span class='ocrx_word' id='word_1_66' title='bbox 179 625 354 674; x_wconf 89' lang='lat' dir='ltr'>quodam</span> <span class='ocrx_word' id='word_1_67' title='bbox 393 625 517 663; x_wconf 89' lang='lat' dir='ltr'>modo</span> <span class='ocrx_word' id='word_1_68' title='bbox 554 626 736 664; x_wconf 88' lang='lat' dir='ltr'>adfectae</span> <span class='ocrx_word' id='word_1_69' title='bbox 775 633 868 665; x_wconf 89' lang='lat' dir='ltr'>sunt</span> <span class='ocrx_word' id='word_1_70' title='bbox 912 627 964 665; x_wconf 88' lang='lat' dir='ltr'>ad</span> <span class='ocrx_word' id='word_1_71' title='bbox 1001 625 1043 666; x_wconf 91' lang='lat' dir='ltr'>id</span> <span class='ocrx_word' id='word_1_72' title='bbox 1088 627 1139 666; x_wconf 89' lang='lat' dir='ltr'>de</span> <span class='ocrx_word' id='word_1_73' title='bbox 1183 640 1264 677; x_wconf 90' lang='lat' dir='ltr'>quo</span> <span class='ocrx_word' id='word_1_74' title='bbox 1302 627 1510 678; x_wconf 88' lang='lat' dir='ltr'>quaeritur.</span> 
     </span>
     <span class='ocr_line' id='line_1_11' title="bbox 181 688 1513 744; baseline 0.004 -17"><span class='ocrx_word' id='word_1_75' title='bbox 181 688 434 729; x_wconf 80' lang='lat' dir='ltr'>Extrinsecus</span> <span class='ocrx_word' id='word_1_76' title='bbox 478 698 609 729; x_wconf 89' lang='lat' dir='ltr'>autem</span> <span class='ocrx_word' id='word_1_77' title='bbox 658 704 705 730; x_wconf 89' lang='lat' dir='ltr'>ea</span> <span class='ocrx_word' id='word_1_78' title='bbox 742 692 943 730; x_wconf 88' lang='lat' dir='ltr'>ducuntur</span> <span class='ocrx_word' id='word_1_79' title='bbox 979 705 1082 742; x_wconf 92' lang='lat' dir='ltr'>quae</span> <span class='ocrx_word' id='word_1_80' title='bbox 1126 693 1271 731; x_wconf 88' lang='lat' dir='ltr'>absunt</span> <span class='ocrx_word' id='word_1_81' title='bbox 1315 694 1513 744; x_wconf 88' lang='lat' dir='ltr'>longeque</span> 
     </span>
     <span class='ocr_line' id='line_1_12' title="bbox 180 752 1552 807; baseline 0.004 -15"><span class='ocrx_word' id='word_1_82' title='bbox 180 752 378 793; x_wconf 89' lang='lat' dir='ltr'>disiuncta</span> <span class='ocrx_word' id='word_1_83' title='bbox 410 763 512 794; x_wconf 85' lang='lat' dir='ltr'>sunt.</span> <span class='ocrx_word' id='word_1_84' title='bbox 572 756 651 795; x_wconf 90' lang='lat' dir='ltr'>Sed</span> <span class='ocrx_word' id='word_1_85' title='bbox 682 757 734 796; x_wconf 88' lang='lat' dir='ltr'>ad</span> <span class='ocrx_word' id='word_1_86' title='bbox 764 755 806 796; x_wconf 91' lang='lat' dir='ltr'>id</span> <span class='ocrx_word' id='word_1_87' title='bbox 834 763 962 795; x_wconf 90' lang='lat' dir='ltr'>totum</span> <span class='ocrx_word' id='word_1_88' title='bbox 996 758 1047 796; x_wconf 94' lang='lat' dir='ltr'>de</span> <span class='ocrx_word' id='word_1_89' title='bbox 1081 770 1162 807; x_wconf 93' lang='lat' dir='ltr'>quo</span> <span class='ocrx_word' id='word_1_90' title='bbox 1193 756 1395 797; x_wconf 86' lang='lat' dir='ltr'>disseritur</span> <span class='ocrx_word' id='word_1_91' title='bbox 1427 766 1510 798; x_wconf 90' lang='lat' dir='ltr'>tum</span> <span class='ocrx_word' id='word_1_92' title='bbox 1531 765 1552 800; x_wconf 90' lang='lat'>9</span> 
     </span>
    </p>
   </div>
   <div class='ocr_carea' id='block_1_7' title="bbox 122 818 1513 872">
    <p class='ocr_par' dir='ltr' id='par_1_7' title="bbox 122 818 1513 872">
     <span class='ocr_line' id='line_1_13' title="bbox 122 818 1513 872; baseline 0.003 -15"><span class='ocrx_word' id='word_1_93' title='bbox 122 833 165 857; x_wconf 84' lang='lat'>10</span> <span class='ocrx_word' id='word_1_94' title='bbox 181 818 361 858; x_wconf 87' lang='lat' dir='ltr'>definitio</span> <span class='ocrx_word' id='word_1_95' title='bbox 393 820 615 868; x_wconf 87' lang='lat' dir='ltr'>adhibetur,</span> <span class='ocrx_word' id='word_1_96' title='bbox 648 834 750 872; x_wconf 90' lang='lat' dir='ltr'>quae</span> <span class='ocrx_word' id='word_1_97' title='bbox 788 820 900 872; x_wconf 88' lang='lat' dir='ltr'>quasi</span> <span class='ocrx_word' id='word_1_98' title='bbox 938 821 1159 860; x_wconf 91' lang='lat' dir='ltr'>involutum</span> <span class='ocrx_word' id='word_1_99' title='bbox 1199 822 1345 861; x_wconf 93' lang='lat' dir='ltr'>evolvit</span> <span class='ocrx_word' id='word_1_100' title='bbox 1382 822 1422 862; x_wconf 93' lang='lat' dir='ltr'>id</span> <span class='ocrx_word' id='word_1_101' title='bbox 1462 825 1513 862; x_wconf 89' lang='lat' dir='ltr'>de</span> 
     </span>
    </p>
   </div>
   <div class='ocr_carea' id='block_1_8' title="bbox 178 885 1572 1134">
    <p class='ocr_par' dir='ltr' id='par_1_8' title="bbox 178 885 1572 1134">
     <span class='ocr_line' id='line_1_14' title="bbox 180 885 1513 937; baseline 0.003 -14"><span class='ocrx_word' id='word_1_102' title='bbox 180 897 261 934; x_wconf 93' lang='lat' dir='ltr'>quo</span> <span class='ocrx_word' id='word_1_103' title='bbox 281 885 480 936; x_wconf 84' lang='lat' dir='ltr'>quaeritur</span> <span class='ocrx_word' id='word_1_104' title='bbox 493 900 504 934; x_wconf 79' lang='lat'><em>3</em></span> <span class='ocrx_word' id='word_1_105' title='bbox 532 886 616 925; x_wconf 91' lang='lat' dir='ltr'>eius</span> <span class='ocrx_word' id='word_1_106' title='bbox 642 886 863 937; x_wconf 89' lang='lat' dir='ltr'>argumenti</span> <span class='ocrx_word' id='word_1_107' title='bbox 891 886 978 926; x_wconf 88' lang='lat' dir='ltr'>talis</span> <span class='ocrx_word' id='word_1_108' title='bbox 999 894 1058 926; x_wconf 90' lang='lat' dir='ltr'>est</span> <span class='ocrx_word' id='word_1_109' title='bbox 1081 888 1272 926; x_wconf 90' lang='lat' dir='ltr'>formula:</span> <span class='ocrx_word' id='word_1_110' title='bbox 1304 889 1372 927; x_wconf 92' lang='lat' dir='ltr'>Ius</span> <span class='ocrx_word' id='word_1_111' title='bbox 1399 887 1513 928; x_wconf 88' lang='lat' dir='ltr'>civile</span> 
     </span>
     <span class='ocr_line' id='line_1_15' title="bbox 178 950 1512 1003; baseline 0.002 -14"><span class='ocrx_word' id='word_1_112' title='bbox 178 956 239 989; x_wconf 88' lang='lat' dir='ltr'>est</span> <span class='ocrx_word' id='word_1_113' title='bbox 271 950 448 1001; x_wconf 90' lang='lat' dir='ltr'>aequitas</span> <span class='ocrx_word' id='word_1_114' title='bbox 482 951 697 991; x_wconf 89' lang='lat' dir='ltr'>constituta</span> <span class='ocrx_word' id='word_1_115' title='bbox 729 952 785 991; x_wconf 93' lang='lat' dir='ltr'>eis</span> <span class='ocrx_word' id='word_1_116' title='bbox 820 952 889 1003; x_wconf 90' lang='lat' dir='ltr'>qui</span> <span class='ocrx_word' id='word_1_117' title='bbox 917 951 1096 992; x_wconf 88' lang='lat' dir='ltr'>eiusdem</span> <span class='ocrx_word' id='word_1_118' title='bbox 1130 951 1298 992; x_wconf 87' lang='lat' dir='ltr'>civitatis</span> <span class='ocrx_word' id='word_1_119' title='bbox 1336 961 1428 992; x_wconf 91' lang='lat' dir='ltr'>sunt</span> <span class='ocrx_word' id='word_1_120' title='bbox 1460 955 1512 993; x_wconf 89' lang='lat' dir='ltr'>ad</span> 
     </span>
     <span class='ocr_line' id='line_1_16' title="bbox 178 1015 1512 1070; baseline 0.004 -17"><span class='ocrx_word' id='word_1_121' title='bbox 178 1027 239 1054; x_wconf 92' lang='lat' dir='ltr'>res</span> <span class='ocrx_word' id='word_1_122' title='bbox 268 1028 358 1054; x_wconf 87' lang='lat' dir='ltr'>suas</span> <span class='ocrx_word' id='word_1_123' title='bbox 387 1015 626 1056; x_wconf 83' lang='lat' dir='ltr'>obtinendas</span> <span class='ocrx_word' id='word_1_124' title='bbox 640 1032 651 1066; x_wconf 76' lang='lat'><em>3</em></span> <span class='ocrx_word' id='word_1_125' title='bbox 689 1017 773 1056; x_wconf 92' lang='lat' dir='ltr'>eius</span> <span class='ocrx_word' id='word_1_126' title='bbox 801 1025 935 1057; x_wconf 89' lang='lat' dir='ltr'>autern</span> <span class='ocrx_word' id='word_1_127' title='bbox 965 1017 1174 1068; x_wconf 88' lang='lat' dir='ltr'>aequitatis</span> <span class='ocrx_word' id='word_1_128' title='bbox 1203 1018 1308 1057; x_wconf 86' lang='lat' dir='ltr'>utilis</span> <span class='ocrx_word' id='word_1_129' title='bbox 1337 1018 1512 1070; x_wconf 88' lang='lat' dir='ltr'>cognitio</span> 
     </span>
     <span class='ocr_line' id='line_1_17' title="bbox 178 1080 1572 1134; baseline 0.003 -14"><span class='ocrx_word' id='word_1_130' title='bbox 178 1087 262 1129; x_wconf 80' lang='lat' dir='ltr'>est3</span> <span class='ocrx_word' id='word_1_131' title='bbox 309 1080 414 1120; x_wconf 89' lang='lat' dir='ltr'>utilis</span> <span class='ocrx_word' id='word_1_132' title='bbox 453 1095 545 1132; x_wconf 91' lang='lat' dir='ltr'>ergo</span> <span class='ocrx_word' id='word_1_133' title='bbox 583 1090 642 1121; x_wconf 88' lang='lat' dir='ltr'>est</span> <span class='ocrx_word' id='word_1_134' title='bbox 680 1082 773 1121; x_wconf 87' lang='lat' dir='ltr'>iuris</span> <span class='ocrx_word' id='word_1_135' title='bbox 812 1082 935 1123; x_wconf 90' lang='lat' dir='ltr'>civilis</span> <span class='ocrx_word' id='word_1_136' title='bbox 974 1083 1302 1132; x_wconf 76' lang='lat' dir='ltr'>scientia3———tum</span> <span class='ocrx_word' id='word_1_137' title='bbox 1340 1084 1510 1134; x_wconf 90' lang='lat' dir='ltr'>partium</span> <span class='ocrx_word' id='word_1_138' title='bbox 1533 1096 1572 1119; x_wconf 91' lang='lat'>10</span> 
     </span>
    </p>
   </div>
   <div class='ocr_carea' id='block_1_9' title="bbox 121 1146 1512 1200">
    <p class='ocr_par' dir='ltr' id='par_1_9' title="bbox 121 1146 1512 1200">
     <span class='ocr_line' id='line_1_18' title="bbox 121 1146 1512 1200; baseline 0.001 -13"><span class='ocrx_word' id='word_1_139' title='bbox 121 1162 159 1195; x_wconf 78' lang='lat'>15</span> <span class='ocrx_word' id='word_1_140' title='bbox 179 1146 435 1195; x_wconf 87' lang='lat' dir='ltr'>enumeratio,</span> <span class='ocrx_word' id='word_1_141' title='bbox 457 1160 560 1197; x_wconf 89' lang='lat' dir='ltr'>quae</span> <span class='ocrx_word' id='word_1_142' title='bbox 584 1155 771 1187; x_wconf 88' lang='lat' dir='ltr'>tractatur</span> <span class='ocrx_word' id='word_1_143' title='bbox 790 1149 867 1187; x_wconf 92' lang='lat' dir='ltr'>hoe</span> <span class='ocrx_word' id='word_1_144' title='bbox 895 1149 1041 1188; x_wconf 91' lang='lat' dir='ltr'>modo:</span> <span class='ocrx_word' id='word_1_145' title='bbox 1072 1148 1111 1188; x_wconf 88' lang='lat' dir='ltr'>Si</span> <span class='ocrx_word' id='word_1_146' title='bbox 1136 1162 1268 1200; x_wconf 91' lang='lat' dir='ltr'>neque</span> <span class='ocrx_word' id='word_1_147' title='bbox 1295 1163 1417 1189; x_wconf 90' lang='lat' dir='ltr'>censu</span> <span class='ocrx_word' id='word_1_148' title='bbox 1437 1164 1512 1190; x_wconf 91' lang='lat' dir='ltr'>nec</span> 
     </span>
    </p>
   </div>
   <div class='ocr_carea' id='block_1_10' title="bbox 177 1210 1512 1459">
    <p class='ocr_par' dir='ltr' id='par_1_10' title="bbox 177 1210 1512 1459">
     <span class='ocr_line' id='line_1_19' title="bbox 178 1210 1512 1264; baseline 0.004 -15"><span class='ocrx_word' id='word_1_149' title='bbox 178 1210 354 1250; x_wconf 88' lang='lat' dir='ltr'>vindicta</span> <span class='ocrx_word' id='word_1_150' title='bbox 386 1225 460 1251; x_wconf 91' lang='lat' dir='ltr'>nec</span> <span class='ocrx_word' id='word_1_151' title='bbox 494 1219 733 1253; x_wconf 83' lang='lat' dir='ltr'>testamento</span> <span class='ocrx_word' id='word_1_152' title='bbox 764 1213 863 1253; x_wconf 92' lang='lat' dir='ltr'>liber</span> <span class='ocrx_word' id='word_1_153' title='bbox 895 1215 1022 1254; x_wconf 90' lang='lat' dir='ltr'>factus</span> <span class='ocrx_word' id='word_1_154' title='bbox 1061 1221 1130 1262; x_wconf 88' lang='lat' dir='ltr'>est,</span> <span class='ocrx_word' id='word_1_155' title='bbox 1171 1228 1253 1254; x_wconf 92' lang='lat' dir='ltr'>non</span> <span class='ocrx_word' id='word_1_156' title='bbox 1292 1222 1351 1255; x_wconf 94' lang='lat' dir='ltr'>est</span> <span class='ocrx_word' id='word_1_157' title='bbox 1389 1215 1512 1264; x_wconf 85' lang='lat' dir='ltr'>liber;</span> 
     </span>
     <span class='ocr_line' id='line_1_20' title="bbox 178 1278 1511 1330; baseline 0.004 -15"><span class='ocrx_word' id='word_1_158' title='bbox 178 1289 310 1326; x_wconf 87' lang='lat' dir='ltr'>neque</span> <span class='ocrx_word' id='word_1_159' title='bbox 343 1278 423 1315; x_wconf 89' lang='lat' dir='ltr'>ulla</span> <span class='ocrx_word' id='word_1_160' title='bbox 456 1285 515 1317; x_wconf 91' lang='lat' dir='ltr'>est</span> <span class='ocrx_word' id='word_1_161' title='bbox 544 1292 678 1317; x_wconf 89' lang='lat' dir='ltr'>earum</span> <span class='ocrx_word' id='word_1_162' title='bbox 712 1292 840 1318; x_wconf 89' lang='lat' dir='ltr'>rerum</span> <span class='ocrx_word' id='word_1_163' title='bbox 857 1294 868 1328; x_wconf 80' lang='lat'>3</span> <span class='ocrx_word' id='word_1_164' title='bbox 905 1293 987 1319; x_wconf 89' lang='lat' dir='ltr'>non</span> <span class='ocrx_word' id='word_1_165' title='bbox 1017 1286 1075 1319; x_wconf 90' lang='lat' dir='ltr'>est</span> <span class='ocrx_word' id='word_1_166' title='bbox 1103 1279 1221 1330; x_wconf 86' lang='lat' dir='ltr'>igitur</span> <span class='ocrx_word' id='word_1_167' title='bbox 1248 1280 1347 1320; x_wconf 93' lang='lat' dir='ltr'>liber</span> <span class='ocrx_word' id='word_1_168' title='bbox 1359 1288 1511 1330; x_wconf 78' lang='lat' dir='ltr'>3—tum</span> 
     </span>
     <span class='ocr_line' id='line_1_21' title="bbox 177 1341 1512 1396; baseline 0.004 -17"><span class='ocrx_word' id='word_1_169' title='bbox 177 1341 340 1389; x_wconf 87' lang='lat' dir='ltr'>notatio,</span> <span class='ocrx_word' id='word_1_170' title='bbox 362 1355 455 1381; x_wconf 92' lang='lat' dir='ltr'>cum</span> <span class='ocrx_word' id='word_1_171' title='bbox 484 1356 531 1382; x_wconf 91' lang='lat' dir='ltr'>ex</span> <span class='ocrx_word' id='word_1_172' title='bbox 557 1343 666 1383; x_wconf 89' lang='lat' dir='ltr'>verbi</span> <span class='ocrx_word' id='word_1_173' title='bbox 692 1343 730 1383; x_wconf 93' lang='lat' dir='ltr'>vi</span> <span class='ocrx_word' id='word_1_174' title='bbox 758 1352 1033 1394; x_wconf 86' lang='lat' dir='ltr'>argumentum</span> <span class='ocrx_word' id='word_1_175' title='bbox 1063 1344 1227 1396; x_wconf 85' lang='lat' dir='ltr'>aliquod</span> <span class='ocrx_word' id='word_1_176' title='bbox 1256 1345 1409 1385; x_wconf 86' lang='lat' dir='ltr'>elicitur</span> <span class='ocrx_word' id='word_1_177' title='bbox 1434 1347 1512 1386; x_wconf 93' lang='lat' dir='ltr'>hoc</span> 
     </span>
     <span class='ocr_line' id='line_1_22' title="bbox 178 1407 1509 1459; baseline 0.004 -14"><span class='ocrx_word' id='word_1_178' title='bbox 178 1407 328 1446; x_wconf 90' lang='lat' dir='ltr'>modo:</span> <span class='ocrx_word' id='word_1_179' title='bbox 359 1408 462 1447; x_wconf 91' lang='lat' dir='ltr'>Cum</span> <span class='ocrx_word' id='word_1_180' title='bbox 494 1409 557 1447; x_wconf 89' lang='lat' dir='ltr'>lex</span> <span class='ocrx_word' id='word_1_181' title='bbox 589 1408 751 1448; x_wconf 88' lang='lat' dir='ltr'>assiduo</span> <span class='ocrx_word' id='word_1_182' title='bbox 784 1409 984 1449; x_wconf 90' lang='lat' dir='ltr'>vindicem</span> <span class='ocrx_word' id='word_1_183' title='bbox 1015 1410 1219 1450; x_wconf 89' lang='lat' dir='ltr'>assiduum</span> <span class='ocrx_word' id='word_1_184' title='bbox 1249 1424 1335 1451; x_wconf 89' lang='lat' dir='ltr'>esse</span> <span class='ocrx_word' id='word_1_185' title='bbox 1363 1410 1509 1459; x_wconf 87' lang='lat' dir='ltr'>iubeat,</span> 
     </span>
    </p>
   </div>
   <div class='ocr_carea' id='block_1_11' title="bbox 120 1472 1511 1526">
    <p class='ocr_par' dir='ltr' id='par_1_11' title="bbox 120 1472 1511 1526">
     <span class='ocr_line' id='line_1_23' title="bbox 120 1472 1511 1526; baseline 0.004 -16"><span class='ocrx_word' id='word_1_186' title='bbox 120 1487 162 1511; x_wconf 79' lang='lat'>20</span> <span class='ocrx_word' id='word_1_187' title='bbox 178 1472 418 1523; x_wconf 89' lang='lat' dir='ltr'>locupletem</span> <span class='ocrx_word' id='word_1_188' title='bbox 457 1472 567 1512; x_wconf 90' lang='lat' dir='ltr'>iubet</span> <span class='ocrx_word' id='word_1_189' title='bbox 601 1474 814 1526; x_wconf 78' lang='lat' dir='ltr'>locupleti3</span> <span class='ocrx_word' id='word_1_190' title='bbox 856 1475 888 1514; x_wconf 95' lang='lat' dir='ltr'>is</span> <span class='ocrx_word' id='word_1_191' title='bbox 919 1482 979 1515; x_wconf 89' lang='lat' dir='ltr'>est</span> <span class='ocrx_word' id='word_1_192' title='bbox 1011 1475 1120 1515; x_wconf 90' lang='lat' dir='ltr'>enim</span> <span class='ocrx_word' id='word_1_193' title='bbox 1152 1475 1345 1524; x_wconf 84' lang='lat' dir='ltr'>assiduus,</span> <span class='ocrx_word' id='word_1_194' title='bbox 1382 1483 1425 1515; x_wconf 91' lang='lat' dir='ltr'>ut</span> <span class='ocrx_word' id='word_1_195' title='bbox 1457 1476 1511 1515; x_wconf 88' lang='lat' dir='ltr'>ait</span> 
     </span>
    </p>
   </div>
   <div class='ocr_carea' id='block_1_12' title="bbox 175 1537 1510 1787">
    <p class='ocr_par' dir='ltr' id='par_1_12' title="bbox 175 1537 1510 1787">
     <span class='ocr_line' id='line_1_24' title="bbox 177 1537 1510 1593; baseline 0.004 -18"><span class='ocrx_word' id='word_1_196' title='bbox 177 1537 221 1575; x_wconf 91' lang='lat' dir='ltr'>L.</span> <span class='ocrx_word' id='word_1_197' title='bbox 239 1537 388 1586; x_wconf 87' lang='lat' dir='ltr'>Aelius,</span> <span class='ocrx_word' id='word_1_198' title='bbox 405 1540 625 1589; x_wconf 87' lang='lat' dir='ltr'>appellatus</span> <span class='ocrx_word' id='word_1_199' title='bbox 645 1540 696 1578; x_wconf 90' lang='lat' dir='ltr'>ab</span> <span class='ocrx_word' id='word_1_200' title='bbox 716 1553 805 1579; x_wconf 87' lang='lat' dir='ltr'>aere</span> <span class='ocrx_word' id='word_1_201' title='bbox 825 1541 971 1580; x_wconf 90' lang='lat' dir='ltr'>dando.</span> <span class='ocrx_word' id='word_1_202' title='bbox 1033 1542 1244 1580; x_wconf 85' lang='lat' dir='ltr'>Ducuntur</span> <span class='ocrx_word' id='word_1_203' title='bbox 1263 1541 1382 1580; x_wconf 88' lang='lat' dir='ltr'>etiam</span> <span class='ocrx_word' id='word_1_204' title='bbox 1402 1555 1510 1593; x_wconf 87' lang='lat' dir='ltr'>argu-</span> 
     </span>
     <span class='ocr_line' id='line_1_25' title="bbox 177 1602 1508 1655; baseline 0.005 -15"><span class='ocrx_word' id='word_1_205' title='bbox 177 1610 311 1641; x_wconf 89' lang='lat' dir='ltr'>menta</span> <span class='ocrx_word' id='word_1_206' title='bbox 337 1617 384 1642; x_wconf 84' lang='lat' dir='ltr'>ex</span> <span class='ocrx_word' id='word_1_207' title='bbox 412 1602 468 1642; x_wconf 89' lang='lat' dir='ltr'>eis</span> <span class='ocrx_word' id='word_1_208' title='bbox 497 1605 614 1643; x_wconf 91' lang='lat' dir='ltr'>rebus</span> <span class='ocrx_word' id='word_1_209' title='bbox 644 1618 746 1655; x_wconf 87' lang='lat' dir='ltr'>quae</span> <span class='ocrx_word' id='word_1_210' title='bbox 775 1607 951 1655; x_wconf 87' lang='lat' dir='ltr'>quodam</span> <span class='ocrx_word' id='word_1_211' title='bbox 981 1606 1104 1644; x_wconf 90' lang='lat' dir='ltr'>modo</span> <span class='ocrx_word' id='word_1_212' title='bbox 1132 1607 1312 1646; x_wconf 89' lang='lat' dir='ltr'>adfectae</span> <span class='ocrx_word' id='word_1_213' title='bbox 1339 1614 1431 1646; x_wconf 89' lang='lat' dir='ltr'>sunt</span> <span class='ocrx_word' id='word_1_214' title='bbox 1456 1608 1508 1647; x_wconf 91' lang='lat' dir='ltr'>ad</span> 
     </span>
     <span class='ocr_line' id='line_1_26' title="bbox 175 1666 1510 1722; baseline 0.004 -17"><span class='ocrx_word' id='word_1_215' title='bbox 175 1666 217 1706; x_wconf 89' lang='lat' dir='ltr'>id</span> <span class='ocrx_word' id='word_1_216' title='bbox 237 1668 289 1708; x_wconf 90' lang='lat' dir='ltr'>de</span> <span class='ocrx_word' id='word_1_217' title='bbox 312 1681 393 1719; x_wconf 92' lang='lat' dir='ltr'>quo</span> <span class='ocrx_word' id='word_1_218' title='bbox 414 1668 623 1719; x_wconf 87' lang='lat' dir='ltr'>quaeritur.</span> <span class='ocrx_word' id='word_1_219' title='bbox 683 1671 762 1709; x_wconf 93' lang='lat' dir='ltr'>Sed</span> <span class='ocrx_word' id='word_1_220' title='bbox 785 1672 863 1709; x_wconf 91' lang='lat' dir='ltr'>hoc</span> <span class='ocrx_word' id='word_1_221' title='bbox 888 1684 1013 1721; x_wconf 88' lang='lat' dir='ltr'>genus</span> <span class='ocrx_word' id='word_1_222' title='bbox 1033 1670 1074 1710; x_wconf 93' lang='lat' dir='ltr'>in</span> <span class='ocrx_word' id='word_1_223' title='bbox 1094 1671 1215 1722; x_wconf 87' lang='lat' dir='ltr'>pluris</span> <span class='ocrx_word' id='word_1_224' title='bbox 1235 1671 1355 1722; x_wconf 90' lang='lat' dir='ltr'>partis</span> <span class='ocrx_word' id='word_1_225' title='bbox 1384 1671 1510 1712; x_wconf 89' lang='lat' dir='ltr'>distri-</span> 
     </span>
     <span class='ocr_line' id='line_1_27' title="bbox 176 1732 1509 1787; baseline 0.005 -16"><span class='ocrx_word' id='word_1_226' title='bbox 176 1732 318 1772; x_wconf 90' lang='lat' dir='ltr'>butum</span> <span class='ocrx_word' id='word_1_227' title='bbox 339 1741 409 1772; x_wconf 88' lang='lat' dir='ltr'>est.</span> <span class='ocrx_word' id='word_1_228' title='bbox 460 1735 565 1772; x_wconf 89' lang='lat' dir='ltr'>Nam</span> <span class='ocrx_word' id='word_1_229' title='bbox 585 1734 662 1774; x_wconf 86' lang='lat' dir='ltr'>alia</span> <span class='ocrx_word' id='word_1_230' title='bbox 681 1735 892 1785; x_wconf 90' lang='lat' dir='ltr'>coniugata</span> <span class='ocrx_word' id='word_1_231' title='bbox 910 1737 1168 1786; x_wconf 87' lang='lat' dir='ltr'>appellamus,</span> <span class='ocrx_word' id='word_1_232' title='bbox 1191 1736 1267 1775; x_wconf 89' lang='lat' dir='ltr'>alia</span> <span class='ocrx_word' id='word_1_233' title='bbox 1285 1750 1333 1776; x_wconf 90' lang='lat' dir='ltr'>ex</span> <span class='ocrx_word' id='word_1_234' title='bbox 1352 1750 1509 1787; x_wconf 86' lang='lat' dir='ltr'>genere,</span> 
     </span>
    </p>
   </div>
   <div class='ocr_carea' id='block_1_13' title="bbox 120 1796 1509 1850">
    <p class='ocr_par' dir='ltr' id='par_1_13' title="bbox 120 1796 1509 1850">
     <span class='ocr_line' id='line_1_28' title="bbox 120 1796 1509 1850; baseline 0.002 -12"><span class='ocrx_word' id='word_1_235' title='bbox 120 1815 158 1847; x_wconf 83' lang='lat'>²5</span> <span class='ocrx_word' id='word_1_236' title='bbox 177 1796 253 1837; x_wconf 89' lang='lat' dir='ltr'>alia</span> <span class='ocrx_word' id='word_1_237' title='bbox 281 1811 327 1837; x_wconf 87' lang='lat' dir='ltr'>ex</span> <span class='ocrx_word' id='word_1_238' title='bbox 356 1799 493 1847; x_wconf 90' lang='lat' dir='ltr'>forma,</span> <span class='ocrx_word' id='word_1_239' title='bbox 514 1799 591 1838; x_wconf 89' lang='lat' dir='ltr'>alia</span> <span class='ocrx_word' id='word_1_240' title='bbox 620 1813 667 1839; x_wconf 93' lang='lat' dir='ltr'>ex</span> <span class='ocrx_word' id='word_1_241' title='bbox 696 1799 964 1848; x_wconf 87' lang='lat' dir='ltr'>similitudine,</span> <span class='ocrx_word' id='word_1_242' title='bbox 991 1800 1067 1839; x_wconf 88' lang='lat' dir='ltr'>alia</span> <span class='ocrx_word' id='word_1_243' title='bbox 1095 1814 1143 1840; x_wconf 85' lang='lat' dir='ltr'>ex</span> <span class='ocrx_word' id='word_1_244' title='bbox 1171 1801 1404 1850; x_wconf 83' lang='lat' dir='ltr'>differentia,</span> <span class='ocrx_word' id='word_1_245' title='bbox 1432 1802 1509 1842; x_wconf 86' lang='lat' dir='ltr'>alia</span> 
     </span>
    </p>
   </div>
   <div class='ocr_carea' id='block_1_14' title="bbox 174 1863 1565 2113">
    <p class='ocr_par' dir='ltr' id='par_1_14' title="bbox 174 1863 1565 2113">
     <span class='ocr_line' id='line_1_29' title="bbox 176 1863 1509 1915; baseline 0.005 -14"><span class='ocrx_word' id='word_1_246' title='bbox 176 1875 224 1901; x_wconf 90' lang='lat' dir='ltr'>ex</span> <span class='ocrx_word' id='word_1_247' title='bbox 249 1863 456 1911; x_wconf 88' lang='lat' dir='ltr'>contrario,</span> <span class='ocrx_word' id='word_1_248' title='bbox 478 1863 555 1903; x_wconf 86' lang='lat' dir='ltr'>alia</span> <span class='ocrx_word' id='word_1_249' title='bbox 582 1878 629 1903; x_wconf 88' lang='lat' dir='ltr'>ex</span> <span class='ocrx_word' id='word_1_250' title='bbox 658 1865 867 1912; x_wconf 87' lang='lat' dir='ltr'>adiunctis,</span> <span class='ocrx_word' id='word_1_251' title='bbox 889 1865 965 1904; x_wconf 88' lang='lat' dir='ltr'>alia</span> <span class='ocrx_word' id='word_1_252' title='bbox 994 1879 1041 1904; x_wconf 89' lang='lat' dir='ltr'>ex</span> <span class='ocrx_word' id='word_1_253' title='bbox 1069 1867 1409 1915; x_wconf 89' lang='lat' dir='ltr'>antecedentibus,</span> <span class='ocrx_word' id='word_1_254' title='bbox 1431 1867 1509 1907; x_wconf 85' lang='lat' dir='ltr'>alia</span> 
     </span>
     <span class='ocr_line' id='line_1_30' title="bbox 175 1929 1504 1981; baseline 0.005 -15"><span class='ocrx_word' id='word_1_255' title='bbox 175 1940 222 1966; x_wconf 90' lang='lat' dir='ltr'>ex</span> <span class='ocrx_word' id='word_1_256' title='bbox 255 1929 605 1979; x_wconf 88' lang='lat' dir='ltr'>consequentibus,</span> <span class='ocrx_word' id='word_1_257' title='bbox 639 1929 716 1969; x_wconf 86' lang='lat' dir='ltr'>alia</span> <span class='ocrx_word' id='word_1_258' title='bbox 745 1944 793 1970; x_wconf 90' lang='lat' dir='ltr'>ex</span> <span class='ocrx_word' id='word_1_259' title='bbox 826 1930 1148 1981; x_wconf 87' lang='lat' dir='ltr'>repugnantibus,</span> <span class='ocrx_word' id='word_1_260' title='bbox 1179 1931 1255 1971; x_wconf 91' lang='lat' dir='ltr'>alia</span> <span class='ocrx_word' id='word_1_261' title='bbox 1288 1945 1335 1971; x_wconf 87' lang='lat' dir='ltr'>ex</span> <span class='ocrx_word' id='word_1_262' title='bbox 1365 1933 1504 1981; x_wconf 88' lang='lat' dir='ltr'>causis,</span> 
     </span>
     <span class='ocr_line' id='line_1_31' title="bbox 174 1992 1506 2049; baseline 0.005 -17"><span class='ocrx_word' id='word_1_263' title='bbox 174 1992 251 2032; x_wconf 88' lang='lat' dir='ltr'>alia</span> <span class='ocrx_word' id='word_1_264' title='bbox 278 2007 326 2033; x_wconf 89' lang='lat' dir='ltr'>ex</span> <span class='ocrx_word' id='word_1_265' title='bbox 354 1994 514 2042; x_wconf 88' lang='lat' dir='ltr'>effectis,</span> <span class='ocrx_word' id='word_1_266' title='bbox 538 1994 614 2033; x_wconf 88' lang='lat' dir='ltr'>alia</span> <span class='ocrx_word' id='word_1_267' title='bbox 642 2008 689 2034; x_wconf 89' lang='lat' dir='ltr'>ex</span> <span class='ocrx_word' id='word_1_268' title='bbox 718 1995 1014 2046; x_wconf 88' lang='lat' dir='ltr'>comparatione</span> <span class='ocrx_word' id='word_1_269' title='bbox 1043 1996 1236 2036; x_wconf 90' lang='lat' dir='ltr'>maiorum</span> <span class='ocrx_word' id='word_1_270' title='bbox 1260 2005 1328 2036; x_wconf 86' lang='lat' dir='ltr'>aut</span> <span class='ocrx_word' id='word_1_271' title='bbox 1353 1998 1506 2049; x_wconf 87' lang='lat' dir='ltr'>parium</span> 
     </span>
     <span class='ocr_line' id='line_1_32' title="bbox 175 2058 1565 2113; baseline 0.005 -17"><span class='ocrx_word' id='word_1_272' title='bbox 175 2066 244 2097; x_wconf 89' lang='lat' dir='ltr'>aut</span> <span class='ocrx_word' id='word_1_273' title='bbox 274 2058 484 2098; x_wconf 87' lang='lat' dir='ltr'>minorum.</span> <span class='ocrx_word' id='word_1_274' title='bbox 550 2060 773 2111; x_wconf 87' lang='lat' dir='ltr'>Coniugata</span> <span class='ocrx_word' id='word_1_275' title='bbox 810 2060 996 2100; x_wconf 90' lang='lat' dir='ltr'>dicuntur</span> <span class='ocrx_word' id='word_1_276' title='bbox 1032 2075 1135 2113; x_wconf 89' lang='lat' dir='ltr'>quae</span> <span class='ocrx_word' id='word_1_277' title='bbox 1173 2070 1264 2101; x_wconf 92' lang='lat' dir='ltr'>sunt</span> <span class='ocrx_word' id='word_1_278' title='bbox 1297 2076 1345 2102; x_wconf 89' lang='lat' dir='ltr'>ex</span> <span class='ocrx_word' id='word_1_279' title='bbox 1377 2063 1506 2104; x_wconf 92' lang='lat' dir='ltr'>verbis</span> <span class='ocrx_word' id='word_1_280' title='bbox 1530 2076 1565 2099; x_wconf 86' lang='lat'>1²</span> 
     </span>
    </p>
   </div>
   <div class='ocr_carea' id='block_1_15' title="bbox 118 2123 1507 2180">
    <p class='ocr_par' dir='ltr' id='par_1_15' title="bbox 118 2123 1507 2180">
     <span class='ocr_line' id='line_1_33' title="bbox 118 2123 1507 2180; baseline 0.005 -18"><span class='ocrx_word' id='word_1_281' title='bbox 118 2140 161 2173; x_wconf 81' lang='lat'>30</span> <span class='ocrx_word' id='word_1_282' title='bbox 177 2123 328 2174; x_wconf 89' lang='lat' dir='ltr'>generis</span> <span class='ocrx_word' id='word_1_283' title='bbox 349 2124 540 2164; x_wconf 88' lang='lat' dir='ltr'>eiusdem.</span> <span class='ocrx_word' id='word_1_284' title='bbox 600 2125 792 2165; x_wconf 89' lang='lat' dir='ltr'>Eiusdem</span> <span class='ocrx_word' id='word_1_285' title='bbox 819 2134 952 2166; x_wconf 87' lang='lat' dir='ltr'>autem</span> <span class='ocrx_word' id='word_1_286' title='bbox 972 2126 1125 2178; x_wconf 88' lang='lat' dir='ltr'>generis</span> <span class='ocrx_word' id='word_1_287' title='bbox 1144 2128 1265 2167; x_wconf 91' lang='lat' dir='ltr'>verba</span> <span class='ocrx_word' id='word_1_288' title='bbox 1293 2136 1385 2168; x_wconf 89' lang='lat' dir='ltr'>sunt</span> <span class='ocrx_word' id='word_1_289' title='bbox 1405 2143 1507 2180; x_wconf 91' lang='lat' dir='ltr'>quae</span> 
     </span>
    </p>
   </div>
   <div class='ocr_carea' id='block_1_16' title="bbox 177 2189 1508 2245">
    <p class='ocr_par' dir='ltr' id='par_1_16' title="bbox 177 2189 1508 2245">
     <span class='ocr_line' id='line_1_34' title="bbox 177 2189 1508 2245; baseline 0.005 -17"><span class='ocrx_word' id='word_1_290' title='bbox 177 2195 262 2228; x_wconf 86' lang='lat' dir='ltr'>orta</span> <span class='ocrx_word' id='word_1_291' title='bbox 279 2189 332 2228; x_wconf 87' lang='lat' dir='ltr'>ab</span> <span class='ocrx_word' id='word_1_292' title='bbox 351 2203 432 2229; x_wconf 92' lang='lat' dir='ltr'>uno</span> <span class='ocrx_word' id='word_1_293' title='bbox 452 2189 556 2230; x_wconf 88' lang='lat' dir='ltr'>varie</span> <span class='ocrx_word' id='word_1_294' title='bbox 576 2198 882 2239; x_wconf 84' lang='lat' dir='ltr'>commutantur,</span> <span class='ocrx_word' id='word_1_295' title='bbox 900 2198 943 2230; x_wconf 85' lang='lat' dir='ltr'>ut</span> <span class='ocrx_word' id='word_1_296' title='bbox 963 2191 1120 2243; x_wconf 86' lang='lat' dir='ltr'>sapiens</span> <span class='ocrx_word' id='word_1_297' title='bbox 1140 2193 1337 2244; x_wconf 88' lang='lat' dir='ltr'>sapienter</span> <span class='ocrx_word' id='word_1_298' title='bbox 1356 2193 1508 2245; x_wconf 87' lang='lat' dir='ltr'>sapien-</span> 
     </span>
    </p>
   </div>
   <div class='ocr_carea' id='block_1_17' title="bbox 175 2294 1507 2492">
    <p class='ocr_par' dir='ltr' id='par_1_17' title="bbox 175 2294 1507 2422">
     <span class='ocr_line' id='line_1_35' title="bbox 221 2294 1507 2335; baseline 0.004 -11"><span class='ocrx_word' id='word_1_299' title='bbox 221 2303 260 2325; x_wconf 89' lang='lat'>10</span> <span class='ocrx_word' id='word_1_300' title='bbox 283 2303 370 2333; x_wconf 85' lang='lat' dir='ltr'>quae</span> <span class='ocrx_word' id='word_1_301' title='bbox 389 2294 441 2326; x_wconf 88' lang='lat' dir='ltr'>O:</span> <span class='ocrx_word' id='word_1_302' title='bbox 464 2305 531 2335; x_wconf 81' lang='lat' dir='ltr'>qua</span> <span class='ocrx_word' id='word_1_303' title='bbox 547 2294 634 2327; x_wconf 87' lang='lat' dir='ltr'>codd.</span> <span class='ocrx_word' id='word_1_304' title='bbox 724 2294 852 2326; x_wconf 84' lang='lat' dir='ltr'>evolvit</span> <span class='ocrx_word' id='word_1_305' title='bbox 871 2295 924 2327; x_wconf 85' lang='lat' dir='ltr'>O:</span> <span class='ocrx_word' id='word_1_306' title='bbox 947 2295 1117 2327; x_wconf 87' lang='lat' dir='ltr'>evolvitur</span> <span class='ocrx_word' id='word_1_307' title='bbox 1132 2296 1220 2328; x_wconf 87' lang='lat' dir='ltr'>codd.</span> <span class='ocrx_word' id='word_1_308' title='bbox 1350 2307 1394 2328; x_wconf 81' lang='lat'>20</span> <span class='ocrx_word' id='word_1_309' title='bbox 1416 2298 1507 2330; x_wconf 87' lang='lat' dir='ltr'>enim</span> 
     </span>
     <span class='ocr_line' id='line_1_36' title="bbox 176 2335 1503 2382; baseline 0.003 -14"><span class='ocrx_word' id='word_1_310' title='bbox 176 2335 228 2368; x_wconf 85' lang='lat'>0:</span> <span class='ocrx_word' id='word_1_311' title='bbox 251 2346 317 2369; x_wconf 87' lang='lat' dir='ltr'>om.</span> <span class='ocrx_word' id='word_1_312' title='bbox 340 2337 429 2370; x_wconf 88' lang='lat' dir='ltr'>codd.</span> <span class='ocrx_word' id='word_1_313' title='bbox 613 2348 652 2369; x_wconf 89' lang='lat'>21</span> <span class='ocrx_word' id='word_1_314' title='bbox 679 2339 799 2370; x_wconf 88' lang='lat' dir='ltr'>laelius</span> <span class='ocrx_word' id='word_1_315' title='bbox 826 2338 968 2370; x_wconf 88' lang='lat' dir='ltr'>AadVL</span> <span class='ocrx_word' id='word_1_316' title='bbox 1069 2340 1111 2371; x_wconf 85' lang='lat' dir='ltr'>ab</span> <span class='ocrx_word' id='word_1_317' title='bbox 1135 2350 1212 2372; x_wconf 83' lang='lat' dir='ltr'>asse</span> <span class='ocrx_word' id='word_1_318' title='bbox 1235 2340 1336 2382; x_wconf 63' lang='lat' dir='ltr'>vulg„</span> <span class='ocrx_word' id='word_1_319' title='bbox 1361 2340 1399 2380; x_wconf 69' lang='lat' dir='ltr'>tf.</span> <span class='ocrx_word' id='word_1_320' title='bbox 1426 2340 1503 2374; x_wconf 79' lang='lat' dir='ltr'><em>Gell.</em></span> 
     </span>
     <span class='ocr_line' id='line_1_37' title="bbox 175 2379 1491 2422; baseline 0.004 -11"><span class='ocrx_word' id='word_1_321' title='bbox 175 2379 243 2411; x_wconf 85' lang='lat' dir='ltr'>xvi.</span> <span class='ocrx_word' id='word_1_322' title='bbox 264 2390 313 2413; x_wconf 84' lang='lat'>10.</span> <span class='ocrx_word' id='word_1_323' title='bbox 333 2382 374 2413; x_wconf 91' lang='lat'>16</span> <span class='ocrx_word' id='word_1_324' title='bbox 476 2391 518 2422; x_wconf 78' lang='lat'>25</span> <span class='ocrx_word' id='word_1_325' title='bbox 541 2382 684 2414; x_wconf 77' lang='lat' dir='ltr'>formula</span> <span class='ocrx_word' id='word_1_326' title='bbox 707 2383 741 2413; x_wconf 88' lang='lat' dir='ltr'><em>A</em></span> <span class='ocrx_word' id='word_1_327' title='bbox 845 2383 889 2414; x_wconf 89' lang='lat'>26</span> <span class='ocrx_word' id='word_1_328' title='bbox 910 2383 1081 2415; x_wconf 87' lang='lat' dir='ltr'>adiunctis</span> <span class='ocrx_word' id='word_1_329' title='bbox 1103 2383 1170 2415; x_wconf 89' lang='lat' dir='ltr'>Oc:</span> <span class='ocrx_word' id='word_1_330' title='bbox 1195 2383 1385 2415; x_wconf 81' lang='lat' dir='ltr'>coniunctis</span> <span class='ocrx_word' id='word_1_331' title='bbox 1401 2384 1491 2418; x_wconf 87' lang='lat' dir='ltr'>codd.</span> 
     </span>
    </p>

    <p class='ocr_par' dir='ltr' id='par_1_18' title="bbox 1359 2461 1419 2492">
     <span class='ocr_line' id='line_1_38' title="bbox 1359 2461 1419 2492; baseline 0 0"><span class='ocrx_word' id='word_1_332' title='bbox 1359 2461 1419 2492; x_wconf 83' lang='lat'>16*</span> 
     </span>
    </p>
   </div>
  </div>
 </body>
</html>
